2125 3439
1001 235 1289 275 ,26-

369 343 656 397 (ἀν-θρώποιςζ)
677 342 881 383 facillime
908 355 957 381 ex
984 339 1124 381 ionica
1151 339 1417 393 pessumdari
1444 337 1644 395 potuit¹)‚
1671 338 1806 380 altera
1832 339 1923 381 eius

372 414 486 455 modi
513 417 579 454 est
611 416 659 454 ut
692 411 904 466 quomodo
938 410 1090 452 calami
1122 409 1246 464 lapsu
1279 413 1376 451 orta
1403 410 1460 451 sit
1491 410 1574 452 dici
1605 413 1802 464 nequeat,
1835 410 1923 452 scil.

366 486 520 538 ἔχοντι.
1799 491 1801 493 ’

483 554 545 594 Ac
579 553 799 594 miscuisse
834 551 1005 607 quidem
1032 550 1239 592 dialectos
1266 549 1572 592 Alcmaeonem
1604 565 1757 605 parum
1789 550 1922 592 habet
1977 588 1979 590 .

367 624 765 665 verisimilitudinis.
829 622 940 664 Cave
973 621 1087 663 enim
1118 622 1245 676 putes
1278 619 1574 676 Rheginorum
1613 624 1742 676 atque
1776 619 1922 662 Hime—

368 709 562 735 raeorum
588 694 713 735 modo
735 692 1011 735 Crotoniatas
1039 691 1262 745 utriusque
1284 690 1457 746 linguae
1477 691 1639 733 formas
1667 690 1922 733 confudisse.

370 765 477 805 Nam
516 768 558 805 ct
595 763 752 819 Rhegii
791 767 834 805 et
872 763 1073 804 Himerae
1113 765 1295 816 utraque
1334 775 1458 816 gens,
1494 761 1620 803 Iones
1659 762 1752 804 dico
1793 764 1922 816 atque

366 835 514 886 Dores‚
547 850 631 876 una
664 835 944 876 consederant
970 831 1178 888 (Thucyd.
1205 833 1242 886 6,
1270 833 1314 885 ὃς
1350 830 1506 873 Strabo
1540 830 1658 888 257),
1691 831 1924 874 Crotonem

366 909 509 947 autem
543 905 623 946 soli
652 905 819 963 Achaei
846 907 974 958 atque
1003 902 1140 944 Dores
1175 901 1454 944 condiderant
1485 917 1623 957 neque
1656 903 1731 944 alii
1761 903 1924 945 vicinas

368 975 628 1017 Graecorum
668 975 858 1017 colonias
900 974 1161 1015 deduxerant
1201 971 1270 1028 (cf.
1304 972 1352 1014 Ο.
1379 972 1536 1014 ΜὶἰΙΙθι·
1567 972 1723 1015 Dorier
1754 973 1773 1014 Ι
1809 972 1925 1030 126).

366 1045 425 1087 At
457 1061 553 1087 cum
587 1060 733 1087 omnes
774 1045 860 1086 fere
894 1044 1011 1085 illius
1045 1042 1199 1085 aetatis
1240 1043 1340 1084 libri
1373 1043 1562 1098 pedestri
1602 1044 1796 1086 oratione
1829 1058 1926 1086 con-

367 1116 516 1170 scripti
544 1117 683 1157 ionica
710 1116 894 1158 dialecto
922 1117 1158 1168 uterentur,
1192 1114 1350 1169 quippe
1378 1129 1484 1169 quae
1510 1114 1648 1170 magis
1674 1117 1777 1156 tunc
1811 1118 1926 1156 esset

365 1187 551 1241 vulgata,
584 1186 697 1228 dicat
730 1186 942 1240 quispiam
976 1188 1025 1226 ut
1058 1185 1328 1227 Herodotum
1362 1184 1809 1240 Halicarnassensem,
1839 1184 1925 1227 An-

365 1258 556 1298 tiochum
595 1256 929 1311 Syracusanum,
975 1256 1287 1311 Hippocratem
1321 1255 1473 1310 Coum,
1514 1256 1577 1297 ita
1618 1256 1923 1298 Alcmaeonem

369 1328 667 1370 Crotoniatam
695 1329 847 1370 Ionum
874 1328 1104 1370 dialectum
1137 1327 1357 1368 imitatum
1384 1342 1494 1382 esse3
1526 1328 1612 1368 iam
1645 1341 1741 1368 cum
1772 1341 1925 1381 parum

366 1400 403 1440 ci
437 1402 551 1440 esset
591 1401 795 1440 consueta
835 1398 952 1447 (nam
993 1399 1080 1440 illis
1113 1397 1218 1440 locis
1257 1397 1422 1452 primus
1460 1398 1531 1440 hic
1567 1397 1677 1439 liber
1714 1397 1925 1452 prodiisse

367 1468 570 1525 videtur),
614 1469 706 1510 fieri
750 1469 943 1523 potuisse
988 1473 1036 1511 ut
1081 1483 1213 1510 unum
1258 1469 1495 1510 alterumve
1540 1468 1706 1522 patriae
1752 1467 1924 1523 linguae

366 1540 597 1596 vestigium
619 1540 755 1581 invito
783 1555 832 1581 eo
859 1539 1079 1594 irreperet.
1134 1538 1372 1580 Audiamus
1404 1538 1606 1580 Photium
1634 1539 1756 1593 (bibl.
1776 1539 1834 1580 45
1855 1553 1879 1580 a
1900 1539 1945 1595 7-

369 1609 577 1665 Bekkc1·):
604 1609 805 1665 κέχρηται
833 1607 880 1651 δὲ
909 1609 1018 1664 (scil.
1041 1608 1207 1651 Ctesias
1235 1607 1431 1666 Cnidius)
1457 1615 1508 1664 τῇ
1536 1611 1687 1665 ι’ωνικῇ
1715 1607 1926 1667 διαλέκτῳ

367 1682 407 1723 εἰ
437 1680 508 1722 καὶ
540 1682 597 1735 μὴ
631 1677 688 1722 δι’
726 1681 832 1723 ὅλου
868 1681 1066 1734 καθάπερ
1092 1679 1332 1734 “Ηρόδοτος
1373 1679 1482 1722 ἀλλὰ
1521 1678 1613 1722 κατ’
1652 1679 1769 1729 ἐνίας
1805 1680 1927 1730 τινὰς

369 1750 503 1801 λέξεις
529 1754 572 1792 et
597 1751 698 1792 ibid.
727 1753 777 1793 21
809 1750 1070 1804 ἀνεγνώσθη
1099 1748 1146 1792 δὲ
1173 1750 1309 1792 αὐτοῦ
1335 1751 1386 1792 τὰ
1409 1747 1569 1792 Ἰνδικὰ
1596 1750 1643 1792 ἐν
1670 1745 1734 1800 οἷς
1760 1753 1927 1805 μᾶλλον

368 1824 539 1872 ι’ωυίζει.
591 1821 672 1864 Sed
707 1838 802 1864 cum
835 1837 972 1876 neque
1005 1822 1049 1863 in
1076 1820 1397 1876 Hippocraticis
1428 1835 1566 1876 neque
1596 1822 1641 1863 in
1666 1820 1924 1864 Herodoteis

367 1893 488 1934 libris
533 1896 682 1948 aperta
727 1892 908 1934 Doricae
960 1892 1130 1934 dialecti
1182 1892 1367 1947 vestigia
1417 1895 1607 1948 exstent,
1656 1893 1794 1935 facere
1838 1907 1925 1934 non

366 1978 540 2017 possum
587 1964 688 2018 quin
728 1966 929 2017 corrupto
969 1961 1138 2005 Ctesiae
1178 1963 1411 2017 exemplari
1449 1978 1574 2004 usum
1613 1977 1705 2005 esse
1743 1962 1924 2018 patriar-

367 2034 491 2075 cham
524 2034 702 2076 credam.

486 2114 634 2171 Neque
668 2120 732 2158 est
764 2131 839 2158 cur
871 2117 921 2158 de
948 2115 1210 2159 Alcmaeone
1243 2116 1371 2158 aliter
1397 2116 1646 2158 iudicemus.
1695 2115 1809 2158 Nam
1842 2131 1927 2158 ma-

368 2187 456 2227 iore
491 2185 642 2240 opinor
675 2186 879 2229 Alcmaeo
913 2187 1138 2242 diligentia
1169 2187 1252 2228 fuit
1285 2202 1413 2242 quam
1446 2190 1494 2228 ut
1526 2188 1670 2241 ἔχοντι
1703 2189 1746 2228 et
1777 2188 1926 2242 ἔχουσι

368 2256 608 2298 confudisse
642 2258 856 2311 putandus
891 2258 959 2299 sit.
1021 2257 1249 2298 Praeterea
1289 2257 1550 2299 medicorum
1583 2256 1793 2298 librorum
1833 2260 1923 2299 tex-

368 2330 436 2368 tus
469 2342 595 2382 quam
630 2327 754 2369 facile
780 2329 1045 2382 pessumdari
1073 2328 1295 2383 potuerint
1321 2328 1445 2369 docet
1472 2327 1686 2369 Dielesius
1713 2326 1925 2384 (Simplic.

367 2398 496 2452 praef.
523 2396 622 2453 IX),
655 2400 698 2439 et
728 2402 955 2453 poetarum
988 2413 1154 2454 quoque
1188 2398 1417 2454 genuinam
1453 2398 1703 2453 dialectum,
1736 2414 1832 2440 cum
1866 2413 1925 2440 se-

367 2469 452 2509 duli
483 2469 665 2510 lectores
691 2468 856 2523 patriae
883 2470 1055 2525 linguae
1082 2469 1244 2511 formas
1271 2469 1395 2510 inviti
1429 2468 1734 2523 immiscerent,
1767 2469 1926 2512 sensim

367 2542 576 2580 mutatam
616 2554 707 2581 esse
747 2540 884 2581 disces
923 2555 944 2581 c
980 2539 1303 2581 Wilamowitzii
1344 2540 1490 2582 Plailol.
1536 2541 1688 2584 Untcrs.
1717 2539 1797 2581 Vll
1828 2540 1927 2594 299,

368 2610 463 2663 319,
497 2610 594 2664 322,
627 2610 679 2651 al.

486 2691 594 2740 Quid
623 2692 784 2746 igitur?
837 2692 1049 2735 Doriconc
1085 2694 1223 2734 textui
1256 2692 1418 2734 ionicas
1450 2693 1569 2734 labes
1602 2707 1799 2748 aspersas
1832 2707 1923 2735 esse

489 2845 521 2881 1)
549 2842 715 2877 Ceterum
737 2843 852 2879 dativi
874 2845 1020 2880 brevior
1040 2845 1159 2879 forma
1179 2857 1222 2880 nc
1244 2844 1291 2879 ab
1311 2844 1439 2880 Ionum
1460 2844 1608 2888 quidem
1629 2855 1794 2880 sermone
1814 2843 1924 2890 plane

368 2901 485 2935 aliena
513 2904 578 2937 cst.
630 2900 681 2935 Cf.
707 2903 973 2938 lx'iihner-Blass
1002 2904 1191 2947 Ausfe'chrl.
1214 2904 1341 2948 qriech.
1364 2904 1523 2939 Gramm.
1552 2903 1672 2947 Ι398;
1707 2903 1923 2938 Kiihlewein

369 2959 415 2993 ad
444 2958 612 3004 llippocr.
636 2960 648 2993 l
675 2972 757 3005 pag.
780 2961 909 2995 LXXX
926 2973 979 3006 sq.
