2125 3439
788 254 1077 296 „69-

265 359 530 403 Certissimis
564 360 705 402 verbis
738 374 835 402 cum
868 361 994 415 plane
1022 361 1240 402 contraria
1271 360 1453 402 doceant
1480 359 1707 402 Oribasius

147 434 274 487 atque
308 430 587 485 Plutarchus,
626 430 840 484 quomodo
875 445 941 471 res
975 431 1199 472 diiudicari
1232 431 1373 485 possit
1410 432 1494 473 nisi
1530 431 1707 473 alterius

145 503 360 544 sententia
396 515 572 556 prorsus
612 500 771 542 reiecta
809 514 894 542 non
934 501 1067 542 video.
1133 500 1244 542 Nam
1282 517 1334 543 ne
1374 501 1623 544 Oribasium
1663 502 1707 543 in

145 574 242 616 Rufi
287 573 398 614 libro
444 585 593 613 vocem
638 572 818 625 στόματι
857 585 878 611 e
917 571 1082 624 σώματι
1126 573 1449 625 pessumdatam
1494 573 1707 615 invenisse

143 644 404 686 coniciamus
437 642 617 696 impedit
650 656 758 696 quae
785 641 897 696 apud
925 642 1090 696 σώματι
1123 642 1268 684 deesse
1296 658 1380 684 non
1408 644 1552 698 potuit
1582 659 1707 699 quae-

144 729 225 770 que
258 727 446 755 errorem
478 712 678 754 Oribasio
712 716 1000 754 monstrasset
1032 726 1115 754 vox
1147 712 1248 770 ὄλῳ.
1307 713 1528 756 Plutarchi
1561 718 1704 756 autem

142 785 240 827 fidei
279 784 464 826 multum
503 786 616 826 certe
655 783 919 835 detraheret,
958 782 993 825 si
1027 782 1338 825 Kalbfleischio
1379 785 1516 827 amico
1556 786 1707 840 utique

142 858 256 898 esset
295 855 635 910 assentiendum,
674 854 747 910 qui
785 854 829 895 in
867 853 1016 895 libello
1056 854 1105 895 de
1138 853 1453 910 Pseudogaleni
1491 855 1589 910 περὶ
1629 863 1707 898 τοῦ

141 935 232 977 πῶς
263 926 532 982 ἐμψυχοῦται
564 926 615 967 τὰ
647 926 815 980 ἔμβρυα
847 923 970 980 (Abla.
1002 926 1039 966 d.
1073 924 1186 966 Berl.
1212 926 1341 967 Acad.
1380 930 1489 969 1395
1520 928 1707 980 Appenni.

141 1012 239 1054 pag.
266 999 342 1053 ⁶24,
373 996 420 1053 2)
461 997 511 1038 de
544 996 767 1038 Plutarchi
800 996 940 1050 capite
974 995 1013 1036 V
1045 996 1097 1037 16
1130 996 1192 1037 sic
1228 996 1408 1038 iudicat:
1452 998 1561 1039 Illam
1599 999 1707 1051 mus's

140 1071 216 1111 mit
245 1070 316 1111 cler
342 1067 606 1122 Moyltckkeit
634 1067 817 1118 reclmen,
850 1067 942 1119 dass
968 1066 1184 1108 Lemmata
1216 1069 1467 1121 ausqefallen
1499 1071 1593 1112 oder
1623 1084 1707 1111 ver-

139 1140 304 1183 schoben
353 1140 458 1180 sind.
523 1137 605 1180 Sed
655 1142 702 1179 ut
754 1138 1039 1192 supplendum
1086 1153 1177 1180 esse
1229 1139 1285 1194 in¹
1317 1140 1458 1194 primo
1503 1140 1705 1182 lemmate

139 1225 297 1253 nomen
335 1209 634 1265 Hippocratis,
682 1209 749 1250 cui
787 1209 899 1251 hanc
939 1209 1201 1251 sententiam
1240 1210 1399 1252 eisdem
1437 1211 1524 1254 fere
1562 1214 1705 1254 verbis

140 1296 386 1337 expressam
430 1280 587 1322 tribuit
631 1279 800 1321 Psellus
848 1277 1046 1335 (Cramer
1090 1280 1314 1322 Anecdota
1358 1281 1493 1325 Paris.
1531 1282 1551 1325 I
1587 1283 1704 1340 342),

140 1352 264 1395 facile
297 1353 336 1394 ei
368 1352 551 1407 largior,
582 1351 645 1392 ita
684 1350 876 1392 ordinem
909 1351 1163 1393 lemmatum
1196 1353 1418 1394 turbatum
1451 1369 1543 1396 esse
1581 1370 1704 1411 nega-

138 1424 285 1466 verim.
337 1422 608 1477 Quamquam
642 1422 756 1463 enim
789 1437 810 1463 e
842 1420 1089 1464 Stoicorum
1120 1423 1201 1465 hac
1234 1425 1284 1465 de
1317 1439 1361 1466 re
1394 1425 1567 1479 placitis
1601 1425 1705 1468 alibi

137 1496 199 1538 nil
232 1498 299 1537 est
330 1494 539 1536 traditum
578 1508 626 1536 ac
663 1508 716 1535 ne
750 1493 800 1534 de
833 1493 1072 1535 Democriti
1106 1497 1149 1535 et
1182 1494 1360 1549 Epicuri
1401 1497 1574 1551 quidem
1611 1512 1705 1539 sen-

137 1566 275 1609 tentia
305 1566 395 1608 ulla
428 1567 600 1607 exstant
632 1564 896 1619 testimonia,
929 1567 1071 1606 tamen
1104 1565 1172 1607 his
1207 1569 1320 1608 certe
1348 1566 1705 1622 Hippocraticam

136 1638 256 1679 illam
301 1637 547 1692 opinionem
592 1639 707 1678 recte
753 1636 887 1677 tribui
938 1651 1016 1690 pro
1062 1639 1181 1679 certo
1227 1637 1378 1680 habeo.
1443 1640 1703 1682 Aristoteles

136 1709 249 1751 enim
282 1711 515 1764 postquam
546 1706 684 1749 fusius
717 1707 767 1748 de
798 1707 995 1749 umbilici
1027 1709 1183 1749 natura
1215 1709 1347 1751 verba
1377 1709 1480 1752 fecit
1512 1709 1582 1767 (de
1610 1726 1704 1767 gen.

137 1795 201 1822 an.
228 1779 271 1822 ]I
298 1780 337 1834 4,
364 1779 449 1821 740
476 1794 500 1820 a
526 1776 614 1834 30),
646 1778 733 1820 iam
766 1779 814 1820 αἱ
841 1777 1000 1832 φλέβες
1031 1778 1175 1833 inquit
1207 1774 1304 1822 οἷον
1337 1781 1450 1835 ῥίζαι
1483 1783 1592 1837 πρὸς
1624 1783 1704 1837 τὴν

135 1850 324 1906 ὑστέραν
368 1849 639 1892 συνάπτουσι
684 1849 738 1890 δι’
781 1845 843 1891 ὧν
883 1849 1094 1903 λαμβάνει
1133 1851 1181 1892 τὸ
1219 1852 1363 1906 κύημα
1401 1853 1482 1906 τὴν
1519 1855 1702 1908 τροφήν.

135 1923 294 1965 τούτου
327 1921 410 1975 γὰρ
437 1921 564 1976 χάριν
599 1919 646 1962 ἐν
673 1927 766 1970 ταῖς
791 1918 994 1974 ὑστέραις
1025 1919 1146 1975 μένει
1177 1923 1225 1964 τὸ
1255 1924 1380 1979 ζῷον,
1412 1922 1508 1966 ἀλλ’
1539 1925 1619 1980 οὐχ
1647 1925 1705 1975 ὡς

135 1994 412 2049 Δημόκριτός
443 2003 580 2046 φησιν
617 1992 690 2033 ἵνα
730 1991 1042 2045 ὃιαπλάττηται
1080 1993 1133 2033 τὰ
1171 1994 1302 2048 μόρια
1341 1995 1448 2036 κατὰ
1487 1996 1539 2037 τὰ
1571 1998 1704 2050 μόρια

134 2073 209 2121 τῆς
235 2065 429 2121 ἐχούσης.
479 2063 618 2106 Docet
645 2064 862 2119 oppositio
884 2063 1183 2106 Democritum
1214 2080 1468 2120 persuasum
1498 2067 1702 2109 habuisse

135 2138 187 2179 ad
219 2136 499 2178 nutriendum
532 2135 695 2177 foetum
728 2150 814 2177 non
846 2150 1021 2177 necesse
1054 2150 1147 2177 esse
1181 2151 1277 2178 eum
1310 2138 1354 2179 in
1381 2141 1505 2180 utero
1539 2138 1702 2180 diutius

136 2207 411 2262 commorari,
445 2206 534 2249 scil.
569 2220 696 2261 quem
730 2220 801 2248 ore
835 2220 988 2262 sugere
1022 2207 1234 2263 crederet,
1271 2223 1357 2250 non
1390 2209 1597 2252 umbilico
1631 2210 1701 2251 ali.

135 2279 399 2322 Umbilicum
431 2278 569 2334 igitur
601 2277 877 2320 Democritus
912 2279 1199 2334 ligamentum
1238 2283 1409 2322 tantum
1449 2295 1533 2335 quo
1572 2265 1715 2323 matri⁸

135 2351 277 2393 infans
299 2353 413 2392 esset
435 2364 622 2392 conexus
643 2350 916 2392 existimasse
938 2353 1094 2404 potest.
1141 2350 1394 2393 Assentitur
1415 2352 1505 2406 ipse
1527 2349 1703 2408 (fragm.

135 2423 197 2466 ed.
217 2421 407 2464 Mullach
434 2435 531 2475 pag.
552 2419 675 2477 209):
703 2421 726 2463 ὁ
753 2421 951 2476 ὀμφαλὸς
975 2429 1150 2476 πρῶτον
1177 2421 1224 2464 ἐν
1251 2425 1481 2478 μήτρῃσιν,
1508 2423 1566 2473 ὥς
1590 2435 1699 2478 φησι

135 2494 428 2548 Δημόκριτος,
460 2490 785 2546 ἀγκυρηβόλιον
817 2492 956 2534 σάλου
987 2491 1059 2534 καὶ
1084 2493 1251 2548 πλάνης
1284 2493 1508 2549 ἐμφύεται,
1539 2502 1699 2550 πεῖσμα

134 2564 206 2607 καὶ
244 2567 386 2618 κλῆμα
424 2568 483 2619 τῷ
524 2561 741 2619 γινομένῳ
779 2570 929 2620 καρπῷ
968 2563 1041 2606 καὶ
1079 2563 1295 2619 μέλλοντι.
1358 2565 1509 2620 Itaque
1543 2565 1697 2608 Demo-

134 2636 232 2679 criti
276 2636 435 2677 lemma
473 2649 550 2675 suo
588 2633 684 2675 loco
723 2633 916 2689 positum
955 2638 1032 2677 est.
1094 2635 1330 2690 Epicurum
1370 2640 1516 2678 autem
1560 2640 1609 2678 ut
1647 2637 1697 2679 de

134 2707 270 2750 totius
303 2705 473 2762 generis
506 2704 747 2760 humanil),
783 2705 845 2746 ita
876 2706 926 2747 de
958 2706 1147 2748 hominis
1187 2722 1357 2762 quoque
1395 2708 1560 2764 origine
1600 2723 1695 2750 cum

137 2777 345 2821 Abderita
377 2777 645 2819 consensisse
679 2777 767 2817 veri
801 2780 866 2818 est
898 2776 1180 2819 simillimum.

257 2887 288 2925 1)
315 2882 462 2917 Censor.
484 2886 516 2922 4,
537 2885 575 2915 9:
605 2882 816 2917 Democrito
838 2892 924 2916 vero
945 2882 1146 2918 Abderitae
1170 2894 1213 2918 ex
1234 2894 1330 2928 aqua
1350 2884 1513 2929 limoque
1534 2885 1694 2931 primum

133 2943 253 2979 visum
281 2952 360 2977 esse
387 2940 553 2975 homines
581 2943 802 2986 procreatos
840 2941 917 2976 Nec
944 2942 1053 2986 longe
1081 2953 1186 2977 secus
1210 2942 1409 2988 Epicurus:
1437 2944 1466 2978 is
1493 2945 1589 2979 onim
1619 2956 1695 2980 cre-

134 3002 230 3038 didit
244 3001 332 3036 limo
354 2998 514 3035 calfacto
534 3002 659 3035 uteros
680 3000 803 3036 nescio
823 3012 916 3045 quos
937 3000 1123 3036 radicibus
1139 3003 1259 3037 terrae
1274 3003 1514 3038 cohaerentes
1536 3003 1692 3049 primum
