2125 3439
1027 249 1318 289 ..-.7().-

516 360 633 410 Quae
667 373 764 401 cum
804 358 865 399 ita
898 357 1002 411 sint,
1040 370 1127 398 non
1165 355 1288 397 video
1327 370 1403 397 cur
1439 354 1566 396 huius
1606 357 1720 396 certe
1759 353 1956 410 capitisl)

397 433 601 474 lemmata
639 430 817 471 turbata
853 442 945 469 esse
984 440 1245 469 censeamus.
1305 425 1457 481 Neque
1495 426 1729 482 quidquam
1766 425 1960 480 proficie-

399 517 508 557 mus,
540 501 575 542 si
607 501 760 543 lacuna
794 499 995 554 quadam,
1034 512 1164 552 quam
1196 497 1310 539 inter
1340 496 1615 540 Alcmaeonis
1647 511 1805 539 nomen
1836 499 1880 538 et
1911 512 1961 539 ea

400 588 506 628 quae
540 574 778 626 sequuntur
814 570 943 611 verba
981 566 1061 623 (δι’
1098 568 1204 611 ὅλου
1236 567 1345 624 κτλ.)
1384 569 1678 611 intercessisse
1722 567 1867 610 nescio
1906 583 1961 610 an

399 644 494 699 quis
540 642 744 693 coniciat‚
795 643 838 682 et
881 654 1027 682 veram
1072 637 1350 681 Crotoniatae
1395 639 1642 695 opinionem
1690 642 1733 680 et
1776 638 1960 681 Pseudo-

359 762 362 764 ,
399 713 745 756 alcmaeonianae
779 727 817 767 q.
838 727 876 754 v.
910 711 1147 752 sententiae
1181 708 1258 767 (δι’
1297 709 1520 767 ὅλου...)
1553 711 1712 752 lemma
1743 711 1960 752 interiisse

396 784 656 841 putabimus.
719 783 788 826 Ita
826 783 939 824 enim
974 781 1233 824 Oribasiana
1270 781 1487 823 sententia
1527 796 1552 823 a
1583 781 1823 824 Democriti
1861 781 1962 837 Epi-

400 854 576 910 curique
614 868 701 896 non
746 853 924 907 recedit,
971 855 1019 893 ut
1057 866 1158 894 sane
1198 852 1441 894 mirandum
1480 854 1595 894 esset
1636 853 1778 908 primo
1816 852 1961 908 potius

397 925 595 968 lemmati
645 924 943 980 (Δημόκριτος
982 921 1237 977 Ἐπίκουρος
1286 921 1637 979 [Ἱπποκράτης-Β
1688 923 1962 966 Alcmaeonis

398 1011 556 1038 nomen
587 1010 673 1038 non
706 1010 798 1037 esse
832 994 1036 1036 additum.

519 1068 713 1122 Apparet
728 1067 862 1122 igitur
877 1065 1050 1107 sublata
1061 1063 1361 1107 Kalbfieischii
1378 1064 1622 1119 suspicione
1637 1079 1724 1107 non
1745 1080 1769 1107 a
1782 1065 1962 1108 librario

400 1139 585 1194 quodam
617 1136 874 1193 indiligenti,
908 1136 982 1178 sed
1015 1137 1068 1177 ab
1102 1136 1198 1191 ipso
1232 1135 1467 1178 Plutarcho
1501 1136 1743 1178 sententiae
1775 1136 1837 1178 illi
1867 1136 1964 1179 Alc-

399 1210 591 1252 maeonis
624 1224 778 1251 nomen
814 1207 1112 1264 praepositum
1145 1222 1249 1249 esse.

519 1280 610 1322 Iam
633 1295 729 1322 cum
751 1280 803 1321 ad
823 1280 1019 1334 ipsorum
1036 1279 1332 1334 auctoritates,
1348 1278 1447 1320 Rufi
1468 1279 1563 1320 dico
1585 1281 1628 1321 et
1641 1277 1966 1334 Ps.-P1utarehi‚

400 1367 469 1394 res
496 1354 696 1394 revocata
723 1351 793 1405 sit,
821 1353 917 1392 uter
944 1350 1106 1392 maiore
1132 1350 1214 1392 fide
1242 1350 1396 1405 dignus
1425 1350 1483 1392 sit
1510 1364 1766 1405 quaeramus
1791 1365 1965 1393 necesse

402 1427 481 1466 est.
525 1423 670 1477 Atque
692 1425 857 1465 aetates
883 1422 919 1464 si
939 1421 1208 1477 respicimus,
1227 1420 1369 1462 Rufus
1384 1421 1559 1463 Traiani
1581 1421 1769 1463 medicus
1792 1419 1965 1477 [Suidas

402 1509 432 1536 s,
458 1509 508 1545 v.‚
541 1494 591 1536 cf.
620 1493 831 1535 Galenum
859 1493 895 1534 d.
924 1495 1018 1534 atra
1051 1492 1137 1534 bile
1168 1493 1189 1533 1
1212 1512 1268 1526 =
1288 1491 1328 1533 V
1357 1491 1439 1533 105
1467 1491 1539 1547 K]
1571 1506 1659 1533 non
1687 1492 1749 1534 ita
1781 1492 1968 1535 multum

401 1562 725 1620 Plutarchum2)
764 1564 887 1606 illum
924 1566 1204 1619 personatum
1244 1561 1372 1619 (Dox.
1405 1563 1530 1618 proll.
1564 1562 1638 1617 66)
1684 1563 1967 1606 antecessisse

402 1637 618 1691 putandus
652 1638 737 1689 est,
775 1636 838 1677 ita
868 1638 918 1676 ut
950 1634 1038 1677 fere
1072 1634 1272 1689 aequales
1307 1634 1406 1677 sint.
1466 1634 1603 1676 Porro
1636 1634 1779 1677 fontes
1820 1635 1968 1690 quales

402 1707 516 1749 Rufo
550 1706 920 1761 suppeditaverint
951 1706 1185 1761 nescimus3
1225 1705 1508 1747 Plutarchum
1540 1720 1592 1747 ex
1624 1706 1753 1748 Aetio
1794 1709 1837 1749 et
1872 1707 1968 1762 ipso

401 1779 516 1821 haud
548 1777 726 1819 incertis
759 1777 1009 1819 auctoribus
1042 1777 1144 1818 nixo
1177 1791 1255 1818 sua
1286 1776 1483 1819 hausisse
1517 1776 1732 1820 Dielesius
1767 1778 1970 1820 ostendit.

404 1849 632 1891 Praeterea
663 1851 712 1890 ut
745 1848 947 1890 omittam
973 1847 1136 1889 Rufum
1168 1862 1257 1889 non
1289 1848 1500 1902 consultO,
1533 1848 1607 1889 sed
1635 1863 1736 1890 casu
1766 1848 1813 1890 in
1840 1848 1970 1891 huius

404 1920 624 1962 doctrinae
652 1920 915 1961 mentionem
936 1918 1122 1961 incidere
1151 1918 1275 1974 quasi
1295 1921 1656 1974 praetereuntem,
1682 1920 1745 1961 ita
1764 1922 1814 1961 ut
1833 1919 1969 1975 ipsius

405 1992 551 2047 potius
573 1991 812 2033 sententiae
841 2005 970 2045 quam
991 1990 1182 2032 auctoris
1204 1989 1417 2031 rationem
1437 1989 1614 2032 habeat:
1642 1991 1845 2033 Alcmaeo
1873 2006 1971 2034 cum

407 2063 452 2104 in
484 2062 782 2117 investiganda
821 2061 962 2103 foetus
1001 2064 1156 2103 natura
1195 2076 1244 2102 ac
1277 2061 1528 2103 condicione
1561 2062 1614 2103 ab
1648 2076 1824 2104 ovorum
1859 2077 1972 2105 com-

406 2133 631 2189 paratione
663 2131 884 2187 profectus
915 2132 984 2187 sit,
1015 2147 1118 2173 num
1152 2131 1429 2186 cotyledones
1462 2132 1506 2173 in
1533 2146 1613 2174 ovo
1647 2133 1787 2175 inesse
1818 2136 1971 2189 putare

408 2205 584 2260 potuit?
629 2203 911 2245 Plutarchum
945 2206 1088 2245 autem
1122 2203 1258 2245 secuti
1291 2203 1328 2244 si
1360 2202 1528 2258 pullum
1562 2218 1731 2259 quoque
1764 2204 1972 2260 spongiae

408 2276 493 2317 ritu
520 2289 644 2317 sucos
671 2274 953 2316 circumfusos
981 2275 1175 2329 excipere
1204 2274 1452 2329 conicimus,
1486 2275 1589 2329 quid
1616 2275 1794 2317 obstat?
1849 2275 1973 2317 Prae-

398 2347 559 2389 -sertim
593 2361 690 2388 cum
724 2346 828 2387 adeo
863 2345 1170 2401 antiquitatem
1211 2345 1293 2388 hoc
1325 2344 1534 2400 placitum
1566 2346 1777 2400 redoleat,
1815 2349 1864 2388 ut
1901 2347 1973 2389 vix

405 2418 630 2474 indignum
663 2431 837 2459 censeas
877 2417 990 2471 quod
1028 2417 1245 2458 tribuatur
1277 2418 1315 2458 ei
1355 2417 1428 2471 qui
1461 2417 1654 2459 omnium
1688 2417 1853 2472 primus
1885 2417 1966 2459 hac

407 2490 456 2530 de
490 2504 533 2530 re
568 2488 791 2543 scripsisse
824 2488 1004 2530 videtur.
1067 2487 1263 2543 Denique
1295 2487 1510 2529 Dielesius
1549 2489 1600 2530 de
1638 2488 1873 2544 fragmenti
1905 2487 1966 2530 VI

408 2560 687 2602 similitudine
727 2574 793 2601 me
834 2560 1044 2601 admonet.
1107 2558 1221 2601 Nam
1258 2574 1355 2601 cum
1388 2558 1606 2615 Diogenes
1645 2559 1967 2615 Appolloniata,

410 2647 535 2686 quem
569 2631 754 2685 undique
787 2645 864 2672 sua
899 2630 1155 2686 compilasse
1189 2633 1377 2686 constat,
1415 2645 1466 2672 ex
1503 2629 1773 2672 Alemaeonis
1805 2631 1967 2686 placito

410 2759 606 2794 increvisse
639 2761 675 2793 et
706 2759 913 2794 infantibus
946 2770 989 2794 ex
1022 2770 1060 2794 se
1092 2759 1202 2794 editis
1236 2758 1444 2804 ingenitum
1475 2758 1586 2794 lactis
1612 2759 1803 2794 humorem
1835 2761 1970 2795 natura

409 2817 644 2852 ministrante
670 2818 894 2862 praebuisse.

533 2880 565 2918 1)
592 2875 686 2911 Nam
714 2877 758 2911 de
785 2877 1000 2922 insequente
1025 2878 1160 2913 rectius
1187 2878 1264 2913 sine
1292 2878 1404 2913 dubio
1431 2876 1715 2913 Kalbfleischius
1741 2876 1900 2913 dubitat.

531 2937 566 2978 2)
593 2936 686 2969 Nam
713 2936 859 2971 Aetium
887 2937 1012 2980 mitto,
1047 2937 1110 2982 qui
1142 2949 1228 2972 num
1261 2937 1360 2972 idem
1387 2939 1498 2981 atque
1523 2936 1745 2972 Plutarchus
1771 2936 1971 2973 tradiderit

413 2995 511 3030 haud
537 2994 611 3031 scio
639 3005 684 3030 an
711 2995 793 3041 quis
821 2995 976 3032 dubitet.
