2125 3439
1018 205 1306 246 —42-

391 331 611 360 maeonem
662 315 836 369 eiusque
888 314 1123 354 sectatores
1174 311 1392 352 denotare:
1442 310 1491 351 τὸ
1536 305 1585 350 δὲ
1627 309 1758 351 κενὸν
1801 308 1948 364 ὀρθῶς

393 388 559 441 λέγεται
606 387 761 439 κύριον
804 391 884 426 τοῦ
927 382 1116 424 ἀκούειν.
1178 382 1302 424 δοκεῖ
1336 381 1419 435 γὰρ
1458 376 1571 422 εἶναι
1613 380 1744 421 κενὸν
1788 378 1810 421 6
1850 379 1947 434 ἀήρ,

391 455 518 506 οὗτος
561 454 603 497 δ’
647 454 764 497 ἐστὶν
809 455 832 496 6
870 460 1010 496 ποιῶν
1053 452 1251 506 ἀκούειν,
1296 451 1401 493 ὅταν
1438 454 1601 505 κινηθῇ
1643 450 1829 506 συνεχὴς
1874 448 1947 491 καὶ

389 523 450 577 εἷς
467 560 621 568 ......
641 526 745 567 αὐτὸ
777 522 857 579 μὲν
890 525 944 578 δὴ
976 524 1155 578 ἄψοφον
1186 523 1209 566 6
1242 521 1324 578 ἀὴρ
1358 522 1430 564 διὰ
1462 523 1510 564 τὸ
1536 521 1807 575 εὔθρυπτον·
1841 519 1946 562 ὅταν

388 596 435 639 δὲ
460 600 639 651 κωλυθῇ
671 596 966 651 θρύπτεσθαι,
998 594 1022 649 ἡ
1055 594 1213 636 τούτου
1245 596 1414 648 κίνησις
1444 594 1598 647 ψόφος.
1650 592 1673 634 6
1706 589 1745 633 δ’
1778 590 1825 633 ἐν
1856 597 1948 641 τοῖς

388 667 496 711 ὠσὶν
534 667 938 724 έγκατῳκοδόμηται
975 666 1084 720 πρὸς
1117 666 1165 707 τὸ
1204 664 1407 719 ἀκίνητος
1438 660 1573 718 εἶναι,
1612 663 1728 712 ὅπως
1759 661 1948 718 ἀκριβῶς

388 738 653 791 αἰσθάνηται
696 737 837 787 πάσας
879 737 955 786 τὰς
999 736 1213 792 διαφορὰς
1255 741 1331 789 τῆς
1373 736 1584 789 κινήσεως
1607 767 1734 778 .....
1757 731 1831 775 καὶ
1874 732 1947 774 διὰ

386 810 514 851 τοῦτό
546 819 706 863 φασιν
737 807 952 850 ἀκούειν
983 813 1048 864 τῷ
1081 812 1211 863 κενῷ
1243 803 1327 847 καὶ
1358 805 1595 860 ἠχοῦντι,
1633 804 1698 846 ὅτι
1730 803 1947 858 ἀκούομεν

387 886 446 937 τῷ
487 881 629 934 ἔχοντι
667 877 914 933 ὡρισμένον
952 879 1030 920 τὸν
1067 875 1184 932 ἀέρα.
1247 876 1371 918 Unus
1410 874 1831 930 Trendelenburgius
1872 889 1947 916 an—

389 954 515 992 notat
548 950 732 992 fortasse
765 949 818 990 ab
851 948 1112 1003 Empedocle
1145 948 1253 990 talia
1284 947 1400 989 dicta
1432 961 1536 988 esse.
1601 945 1684 988 Sed
1718 945 1810 999 ipse
1848 958 1948 986 con-

387 1022 553 1063 fitetur:
600 1020 884 1075 ‘Fragmenta
924 1022 1088 1061 certum
1130 1018 1338 1060 indicium
1376 1032 1462 1059 non
1499 1014 1745 1072 praebent'.
1807 1013 1947 1056 Immo

390 1095 539 1134 contra
572 1091 720 1133 dicunt
753 1105 861 1145 quae
892 1104 990 1146 pag.
1015 1090 1103 1132 420
1136 1105 1161 1131 a
1187 1090 1213 1132 5
1246 1089 1366 1131 addit
1397 1087 1676 1130 Aristoteles:
1715 1085 1770 1128 οὐ
1807 1085 1948 1142 πάντῃ

387 1165 434 1206 τὸ
469 1165 577 1219 ζῷον
609 1161 759 1203 ἀκούει
792 1158 894 1203 οὐδὲ
926 1160 1066 1216 πάντῃ
1100 1158 1314 1216 διέρχεται
1347 1159 1369 1202 ὁ
1403 1158 1509 1215 ἀήρ,
1547 1173 1645 1201 cum
1684 1156 1949 1200 contrarium

391 1234 584 1276 docuerit
615 1232 900 1287 Empedocles
933 1230 1090 1288 (Zeller
1122 1229 1168 1272 1⁵
1194 1231 1291 1285 800,
1314 1228 1370 1286 1).

506 1304 677 1346 Primus
697 1303 903 1346 Alcmaeo
925 1316 1135 1358 exponere
1158 1304 1337 1344 conatus
1358 1304 1435 1356 est,
1463 1301 1678 1356 quomodo
1705 1315 1777 1343 aer
1804 1303 1948 1342 motus

388 1375 433 1418 in
467 1390 619 1418 sonum
652 1377 904 1416 mutaretur.
957 1374 1050 1424 Qua
1081 1374 1126 1415 in
1158 1387 1203 1415 re
1235 1376 1285 1415 ut
1311 1372 1356 1414 in
1381 1373 1530 1414 multis
1557 1371 1767 1414 eiusmodi
1792 1371 1950 1426 Empe-

389 1446 532 1489 docles
559 1460 656 1488 eum
683 1448 855 1487 secutus
883 1445 1098 1501 corrigere
1125 1444 1209 1486 sibi
1235 1443 1351 1485 visus
1373 1446 1456 1498 est3
1483 1443 1556 1485 sed
1577 1443 1774 1498 quamvis
1794 1443 1949 1485 melius

391 1518 441 1558 (le
469 1516 712 1558 anatomica
739 1516 853 1558 auris
881 1518 1099 1558 structura
1125 1515 1301 1558 edoctus
1327 1514 1482 1569 puerili
1508 1514 1675 1557 ratione
1708 1515 1769 1556 ita
1795 1529 1949 1556 sonum

392 1587 495 1629 oriri
516 1588 622 1642 vuit,
642 1590 690 1628 ut
709 1588 758 1629 τὸ
778 1587 1028 1642 χονδρῶδες
1048 1587 1161 1642 quod
1181 1585 1286 1628 dicit
1307 1584 1434 1641 (Dox.
1454 1586 1540 1627 406
1562 1600 1587 1626 a
1609 1586 1674 1640 16,
1696 1585 1747 1627 cf.
1762 1574 1955 1642 501‚14)'

393 1659 515 1713 quasi
548 1658 891 1700 tintinnabulum
919 1656 1111 1713 (κώδων)
1146 1657 1198 1698 ab
1227 1672 1322 1698 aere
1350 1671 1604 1699 concussum
1631 1671 1760 1698 sonos
1787 1656 1949 1699 reddat.
1995 1651 1999 1654 ⁵

389 1729 475 1771 Ubi
517 1729 552 1770 si
591 1728 750 1771 rectius
791 1728 979 1770 Zellerus
1021 1728 1205 1770 κώδωνα
1243 1727 1555 1783 interpretatur
1598 1728 1767 1783 tubam,
1810 1727 1948 1770 multo

389 1800 519 1841 etiam
551 1800 690 1855 magis
729 1800 888 1854 placita
925 1814 1074 1841 eorum
1114 1801 1374 1854 congruunt,
1413 1813 1510 1840 cum
1547 1801 1728 1854 uterque
1769 1813 1819 1840 ex
1857 1799 1950 1841 sola

389 1870 503 1911 auris
548 1870 684 1911 forma
731 1869 910 1912 sonandi
955 1884 1128 1911 causam
1172 1872 1353 1924 repetat.
1415 1868 1558 1911 Ceteri
1602 1869 1853 1925 philosophi
1900 1883 1949 1912 ac

389 1941 541 1982 medici
569 1941 642 1995 qui
670 1942 749 1983 hac
777 1942 826 1983 de
853 1956 898 1983 re
927 1944 1119 1996 egerunt,
1139 1940 1265 1982 Plato
1288 1939 1414 1995 (Dox.
1429 1940 1527 1994 500,
1549 1941 1600 1981 14
1617 1940 1864 1982 =Tim.67
1881 1938 1950 1997 B),

393 2012 671 2067 Anaxagoras
699 2011 816 2068 (507,
841 2013 891 2054 19
921 2013 967 2054 τὸ
994 2011 1196 2067 περιέχον
1224 2011 1333 2066 [scil.
1360 2011 1438 2052 τὸν
1464 2009 1724 2065 ἐγκέφαλον]
1753 2009 1950 2067 ὀστοῦν),

389 2081 605 2124 Clidemus
657 2081 774 2138 (510,
807 2083 834 2124 5
871 2086 914 2124 et
952 2081 1016 2139 9),
1059 2082 1276 2138 Diogenes
1314 2081 1594 2136 Apolloniata
1631 2079 1735 2137 (406
1764 2095 1788 2122 a
1814 2081 1841 2122 b
1876 2082 1950 2136 25;

389 2154 486 2207 510,
505 2154 576 2208 183
597 2154 694 2207 511,
711 2152 767 2209 7),
794 2153 1070 2195 Democritus
1091 2152 1210 2209 (515,
1230 2152 1256 2194 5
1272 2151 1395 2209 sqq),
1420 2152 1615 2207 plerique
1640 2151 1781 2206 ipsam
1803 2167 1950 2195 aurem

391 2224 442 2264 ad
475 2238 627 2265 sonum
660 2224 930 2265 efficiendum
961 2224 1022 2265 nil
1049 2225 1203 2278 valere,
1236 2224 1368 2265 immo
1396 2223 1559 2265 cerebri
1585 2222 1714 2278 pulsu
1743 2223 1810 2265 vel
1837 2223 1949 2265 aeris

391 2295 503 2336 circa
543 2295 765 2336 cerebrum
802 2294 935 2349 positi
973 2294 1119 2336 sonitu
1160 2294 1282 2350 gigni
1326 2308 1423 2336 eum
1468 2293 1754 2348 arbitrantur,
1798 2294 1861 2336 ita
1901 2297 1950 2336 ut

394 2365 508 2406 auris
541 2364 603 2406 nil
637 2365 722 2407 nisi
755 2365 963 2406 transitus
997 2365 1107 2407 aeris
1142 2365 1208 2406 sit.
1223 2364 1254 2420 ¹)
1316 2364 1407 2406 Nec
1440 2379 1562 2407 secus
1601 2368 1749 2406 auctor
1787 2365 1837 2407 de
1869 2365 1952 2411 loc.

391 2436 433 2477 in
478 2436 590 2478 hom.
631 2436 683 2492 (c.
718 2438 742 2477 2
777 2457 831 2470 -—-
864 2436 1069 2491 Hippoer.
1096 2435 1158 2477 VI
1195 2437 1279 2478 278
1316 2434 1382 2492 L.)
1420 2450 1600 2478 vacuum
1645 2436 1782 2478 circa
1827 2451 1950 2479 aures

391 2508 577 2560 positum
614 2506 684 2561 (τὰ
711 2506 809 2563 περὶ
841 2508 892 2549 τὰ
919 2504 1006 2549 ὦτα
1030 2506 1152 2562 πέριξ
1178 2506 1324 2563 κενεά)
1355 2522 1506 2549 sonare
1533 2505 1712 2564 docetfl)
1764 2507 1814 2549 In
1841 2522 1948 2562 quos

511 2651 542 2691 1)
570 2647 773 2692 Diogenem
808 2648 937 2683 contra
968 2648 1230 2682 Alcmaeonem
1270 2647 1390 2683 dicere
1428 2647 1506 2683 veri
1538 2659 1611 2682 non
1643 2646 1826 2683 dissimile
1857 2647 1950 2683 mihi

391 2706 548 2749 videtur,
570 2706 742 2750 quoniam
765 2707 942 2752 optimam
965 2717 1150 2751 quamque
1166 2717 1304 2750 aurem,
1323 2719 1405 2742 cum
1426 2718 1509 2742 aere
1530 2706 1566 2741 in
1587 2707 1670 2751 ipsa
1686 2717 1773 2742 aure
1794 2709 1949 2743 sonante

393 2764 538 2798 auditus
565 2766 806 2809 impediatur,
842 2766 1049 2800 tenuissimi
1075 2768 1219 2801 meatus
1246 2777 1325 2801 esse
1352 2766 1459 2808 dicit;
1493 2762 1559 2800 ἐὰν
1592 2763 1633 2801 δὲ
1666 2764 1844 2811 εὐρυτέρα
1878 2762 1899 2812 ᾗ
1926 2766 1948 2811 ἡ

392 2822 503 2864 ἀκοή,
536 2822 757 2866 κινουμένου
790 2830 854 2859 τοῦ
882 2823 991 2869 ἀέρος
1016 2821 1107 2869 ἦχον
1134 2823 1231 2860 εἶναι
1258 2825 1321 2859 καὶ
1346 2825 1410 2860 τὸν
1439 2823 1565 2870 ψόφον
1591 2824 1786 2870 ἄναρθροι]
1818 2825 1883 2860 διὰ
1906 2825 1948 2860 τὸ

392 2881 438 2924 μὶ,
466 2883 708 2925 προσπίπτειν
734 2884 824 2927 πρὸς
849 2883 1021 2928 ἠρεμοῦν.

513 2941 547 2982 22)
575 2939 753 2975 Videntur
784 2941 897 2986 igitur
929 2954 1022 2986 quae
1055 2943 1275 2979 Aristoteles
1307 2943 1497 2979 fabulatur
1527 2943 1589 2989 (de
1620 2944 1713 2988 part.
1744 2955 1802 2978 an.
1830 2943 1864 2977 11
1892 2946 1946 2988 10,
