2125 3439
769 270 822 276 ,,.
888 215 1061 288 73-

134 353 304 407 φήνατο
337 349 385 394 δὲ
411 354 727 408 παραπλησίως
758 353 946 402 τούτοις·
979 351 1087 408 φησὶ
1119 353 1201 408 γὰρ
1228 349 1341 395 εἶναι
1369 354 1450 396 δύο
1483 354 1534 395 τὰ
1559 354 1700 396 πολλὰ

132 430 220 465 τῶν
258 423 575 477 ἀνθρωπίνων,
619 422 760 477 λέγων
803 424 878 473 τὰς
917 423 1219 478 ἐναντιότητας
1263 424 1342 479 οὐχ
1382 425 1526 479 ὥσπερ
1576 422 1701 467 οὗτοι

134 493 443 549 διωρισμένας,
481 493 590 535 ἀλλὰ
628 494 704 542 τὰς
735 495 969 548 τυχούσας,
1007 489 1104 536 οἷον
1137 497 1295 537 λευκὸν
1327 495 1485 550 μέλαν,
1524 495 1698 548 ἀγαθὸν

132 567 282 619 κακόν,
312 566 451 619 γλυκὺ
482 566 657 618 πικρόν,
688 563 798 618 μέγα
830 566 987 619 μικρόν
1021 564 1100 620 (sic
1132 565 1193 606 Ab
1224 566 1366 621 Alex.3
1397 567 1554 620 μικρὸν
1589 565 1699 621 μέγα

134 637 204 678 hic
236 639 279 678 ei:
310 636 396 677 992
429 650 453 676 a
473 634 536 676 '11
566 634 602 675 Ε
634 634 833 690 Asclep.).
890 632 1018 685 οὗτος
1049 634 1129 690 μὲν
1163 634 1244 677 οὖν
1277 636 1538 691 ἀδιορίστως
1570 636 1698 690 ἀπέρ-

135 713 237 762 ριψε
267 703 367 759 περὶ
398 712 487 747 τῶν
513 709 696 760 λοιπῶν,
729 707 775 748 οἱ
804 704 852 748 δὲ
886 708 1191 761 Πυθαγόρειοι
1224 706 1295 748 καὶ
1322 710 1453 749 πόσαι
1486 707 1557 749 καὶ
1585 710 1700 757 τίνες

135 778 184 819 αἱ
207 776 483 826 ἐναντιώσεις
515 776 811 831 ἀπεφήναντο.
861 778 978 832 παρὰ
1010 775 1089 832 μὲν
1120 774 1202 820 οὖν
1233 779 1401 820 τούτων
1435 779 1601 833 ἀμφοῖν
1632 795 1701 820 το-

138 855 299 891 σοῦτον
331 849 421 890 ἔστι
456 850 626 903 λαβεῖν,
659 848 725 890 ὅτι
751 848 960 890 τάναντία
992 848 1122 904 ἀρχαὶ
1154 857 1242 891 τῶν
1269 850 1425 901 ὄντων,
1458 850 1505 890 τὸ
1534 847 1572 890 δ’
1605 850 1702 891 ὅσαι

135 919 252 974 παρὰ
283 927 371 961 τῶν
405 917 565 974 ἑτέρων
596 918 668 961 καὶ
699 922 816 970 τίνες
847 917 979 962 αὗταί
1007 921 1130 962 εἰσιν.

255 1003 392 1044 Alex.
418 1002 638 1057 Aphrod.
671 1002 728 1044 ad
760 1003 786 1044 1.
813 1003 838 1044 l.
872 1001 986 1059 (vide
1019 1017 1114 1059 pag.
1144 1004 1200 1059 6).

257 1086 532 1141 Asclepius
566 1086 622 1127 ad
656 1086 735 1127 1.1.
770 1084 898 1142 (pag.
929 1087 998 1141 39,
1024 1088 1075 1128 21
1113 1087 1180 1129 ed.
1214 1084 1500 1143 Hayduck):
1541 1087 1707 1139 ἱστορεῖ

137 1155 185 1199 δὲ
213 1157 279 1199 ὅτι
306 1156 378 1198 καὶ
400 1154 645 1211 ’Λλκμαίων
673 1157 695 1199 ὁ
724 1157 1033 1211 Κροτωνιάτης
1065 1159 1143 1199 τὸν
1169 1158 1304 1200 αὐτὸν
1336 1160 1501 1214 τρόπον
1533 1159 1705 1207 τούτοις

137 1228 405 1283 ἀπεφήνατο.
461 1229 525 1277 εἰς
550 1228 633 1281 γὰρ
668 1227 929 1270 ἐναντίωσίν
961 1244 1058 1270 τινα
1092 1228 1273 1271 ἕκαστον
1305 1238 1393 1272 τῶν
1427 1231 1568 1272 ὄντων
1601 1229 1704 1270 ἀνά-

137 1315 232 1354 γειν
266 1299 465 1353 ἐπειρᾶτο
504 1297 575 1340 καὶ
609 1295 736 1348 οὗτος
775 1299 832 1348 ὡς
864 1298 1010 1354 ἀρχῶν
1049 1299 1195 1342 οὐσῶν
1227 1308 1314 1342 τῶν
1348 1300 1704 1356 ἐναντιώσεων.1)

138 1369 209 1412 καὶ
240 1371 336 1424 ἤτοι
369 1367 498 1420 οὗτος
529 1369 644 1425 παρὰ
676 1377 764 1411 τῶν
791 1373 1117 1425 Πυθαγορείων
1148 1370 1394 1426 παρέλαβεν
1427 1372 1451 1426 ἢ
1479 1373 1524 1414 οί
1547 1375 1704 1413 Πυθα-

137 1444 304 1497 γόρειοι
336 1441 452 1496 παρὰ
484 1442 660 1483 τούτου·
700 1439 771 1482 καὶ
805 1441 887 1496 γὰρ
920 1440 1156 1496 κατέλαβεν
1189 1442 1212 1484 ὁ
1240 1441 1486 1497 ’Λλκμαίων
1518 1442 1704 1497 γέροντα

138 1514 215 1555 τὸν
247 1513 540 1567 Πυθαγόραν.
601 1511 854 1568 ἀπεφήνατο
893 1509 975 1554 οὖν
1008 1512 1157 1563 αὐτοῖς
1193 1516 1525 1569 παραπλησίως,
1564 1513 1704 1567 λέγων

138 1581 251 1627 εἶναι
285 1584 366 1626 δύο
397 1584 449 1625 τὰ
475 1584 615 1626 πολλὰ
647 1591 735 1625 τῶν
762 1585 918 1638 ὄντων,
951 1585 1063 1626 διότι
1095 1585 1147 1626 τὰ
1179 1583 1226 1626 ἐν
1252 1583 1421 1639 γενέσει
1453 1584 1524 1627 καὶ
1552 1589 1705 1640 φθορᾷ

140 1655 182 1706 ἐξ
210 1655 424 1698 ἐναντίων
451 1657 716 1696 συνίσταται.
771 1655 878 1696 ὅθεν
905 1654 1046 1709 λέγων
1071 1656 1146 1706 τὰς
1166 1655 1470 1711 ἐναντιότητας
1496 1657 1575 1711 οὐχ
1602 1655 1705 1698 ὑπε-

137 1729 286 1768 τίθετο
328 1725 638 1782 διωρισμένας,
682 1726 826 1780 ὥσπερ
869 1725 939 1768 καὶ
978 1724 1099 1769 οὗτοι
1140 1729 1185 1769 οἱ
1220 1730 1549 1782 Πυθαγόρειοι,
1594 1727 1704 1769 ἀλλὰ

138 1799 214 1848 τὰς
233 1798 450 1853 τυχούσας
477 1799 641 1851 ἔλεγεν,
674 1792 770 1840 οἷον
797 1799 954 1840 λευκὸν
981 1797 1132 1853 μέλαν,
1159 1801 1298 1852 γλυκὺ
1325 1800 1499 1854 πικρόν,
1531 1798 1705 1852 ἀγαθὸν

138 1871 289 1923 κακόν,
309 1870 466 1924 μικρὸν
486 1868 607 1923 μέγα.
653 1868 912 1924 ἀδιορίστως
932 1866 1014 1911 οὖν
1035 1869 1288 1924 ἀπεφήνατο
1309 1869 1408 1926 περὶ
1429 1878 1516 1912 τῶν
1537 1873 1704 1912 λοιπῶν

139 1940 452 1982 ἐναντιώσεων.
515 1940 615 1982 οὔτε
654 1941 736 1995 γὰρ
775 1942 916 1983 ποσόν
953 1957 993 1982 τι
1038 1941 1185 1983 αὐτῶν
1229 1938 1369 1995 εἶπεν,
1415 1941 1515 1984 οὔτε
1558 1942 1704 1994 ποιόν,

138 2010 233 2054 ἀλλ’
266 2011 332 2053 ὅτι
359 2013 498 2065 μόνον
531 2010 725 2053 ἐναντία·
759 2012 805 2053 οἱ
828 2009 876 2053 δὲ
903 2014 1208 2066 Πυθαγόρειοι
1235 2011 1305 2054 καὶ
1332 2014 1466 2055 πόσαι
1492 2010 1563 2054 καὶ
1589 2014 1705 2061 τίνες

138 2082 432 2138 ἀπεφήναντο.
478 2083 630 2124 κοινὸν
657 2079 738 2124 οὖν
763 2090 851 2124 τῶν
878 2085 1221 2138 Πυθαγορείων,
1248 2086 1293 2125 οἳ
1315 2085 1474 2138 ταύτης
1500 2082 1704 2138 ἐγένοντο

138 2161 212 2209 τῆς
245 2154 392 2208 δόξης,
429 2151 502 2194 καὶ
530 2152 823 2208 Ἀλκμαίωνος
853 2156 901 2196 τὸ
935 2154 1136 2205 ἐναντίας
1167 2154 1312 2209 λέγειν
1344 2156 1420 2205 τὰς
1451 2154 1585 2210 ἀρχὰς
1617 2160 1704 2195 τῶν

139 2227 294 2276 ὄντων,
322 2227 455 2267 πόσαι
482 2222 529 2266 δὲ
555 2223 627 2266 καὶ
647 2227 769 2275 τίνες
795 2222 922 2267 αὗται
949 2233 1036 2268 τῶν
1063 2229 1391 2281 Πυθαγορείων
1419 2227 1547 2268 ἴδιον.
1596 2225 1722 2270 ὥστε,

138 2294 239 2351 παρ’
279 2295 537 2351 ἀμφοτέρων
568 2301 780 2338 τοσοῦτον
819 2298 909 2338 ἔστι
951 2299 1122 2351 λαβεῖν,
1163 2297 1229 2339 ὅτι
1268 2298 1319 2339 τὰ
1358 2296 1537 2339 ἐναντιά
1575 2295 1704 2351 ἀρχαὶ

142 2375 230 2409 τῶν
263 2369 417 2422 ὄντων,
446 2367 495 2409 τὸ
523 2363 562 2408 δ’
594 2366 692 2409 ὅσαι
724 2365 795 2408 καὶ
821 2375 943 2410 ποῖαι
972 2368 1089 2423 παρὰ
1114 2375 1203 2410 τῶν
1230 2367 1404 2423 ἑτέρων,
1436 2368 1493 2417 ὡς
1525 2371 1703 2422 εἴρηται.

261 2438 522 2480 Isocrates
555 2452 597 2479 π.
629 2438 947 2489 ἀντιδόσεως
979 2437 1059 2495 (or.
1088 2439 1160 2494 15)
1193 2442 1218 2491 ἓ
1245 2440 1346 2481 268;
1389 2473 1397 2480 .
1419 2472 1426 2479 .
1449 2473 1455 2479 .
1478 2472 1486 2480 .
1510 2439 1570 2488 εἰς
1601 2440 1704 2488 τοὺς

143 2512 302 2565 λόγους
333 2517 418 2551 τῶν
450 2512 649 2550 παλαιῶν
681 2517 924 2564 σοφιστῶν,
962 2506 1023 2551 ὧν
1063 2510 1084 2551 ὁ
1123 2507 1203 2564 μὲν
1234 2511 1416 2564 ἄπειρον
1454 2511 1502 2552 τὸ
1533 2513 1704 2564 πλῆθος

143 2584 305 2637 ἔφησεν
344 2578 456 2622 εἶναι
494 2587 582 2622 τῶν
621 2581 784 2635 ὄντων,
820 2578 1112 2636 Ἐμπεδοκλῆς
1150 2579 1196 2623 δὲ
1236 2581 1415 2636 τέτταρα
1452 2580 1524 2623 καὶ
1562 2589 1705 2630 νεῖκος

263 2760 295 2800 1)
324 2757 521 2802 Hucusque
542 2758 789 2792 Alexandrum
818 2757 995 2802 aequitum
1022 2758 1095 2792 iam
1122 2769 1215 2801 quae
1242 2758 1305 2793 ille
1333 2758 1520 2801 omiserat,
1547 2759 1703 2794 fortasse

141 2829 185 2853 ex
206 2816 400 2852 Ammonio
427 2817 583 2860 addidit,
611 2817 713 2852 cuins
740 2819 887 2861 praeter
907 2817 1105 2852 Alexandri
1127 2817 1262 2852 scrinia
1281 2817 1501 2862 compilavit
1526 2818 1702 2863 cuiusque

141 2888 224 2912 mox
257 2876 417 2912 occurrit
448 2876 588 2910 mentio
618 2878 696 2920 (40,
734 2881 774 2910 16
805 2877 854 2923 τῷ
887 2875 1050 2924 ἡμετέρῳ
1091 2875 1308 2924 φιλοσόφῳ).
1362 2877 1466 2918 Quod
1502 2877 1530 2911 si
1565 2889 1703 2920 verum,

139 2937 369 2981 aliquantum
398 2938 553 2980 augetur
579 2935 716 2971 codicis
745 2936 770 2970 E
799 2935 1000 2972 auctoritas
1027 2939 1064 2971 et
1090 2936 1191 2971 fides.
1244 2937 1371 2972 Potest
1395 2938 1519 2971 tamen
1553 2939 1591 2971 et
1622 2937 1702 2981 ipse

137 3009 156 3032 e
184 2996 373 3031 codicibus
400 2994 612 3030 subiecisse.
