2125 3439
976 306 1029 309 —
1098 280 1179 321 102
1243 304 1295 308 -—

478 388 543 429 Ne
571 403 594 428 a
620 386 918 428 Democrito
953 385 1124 440 quidem
1155 383 1294 426 aliena
1321 386 1422 426 sunt
1446 383 1720 426 Alcmaeonis
1747 385 1919 439 placita.

359 459 533 501 Etenim
566 458 638 499 ille
678 458 879 512 quopiam
922 456 1048 497 modo
1088 454 1206 511 (nam
1238 470 1304 497 res
1336 470 1423 497 non
1456 454 1562 496 satis
1597 453 1842 511 perspicua)
1873 455 1918 496 in

360 530 535 571 cerebro
575 528 741 570 animae
780 527 923 569 sedem
962 541 1054 568 esse
1093 527 1264 582 putavit
1303 526 1359 580 (si
1391 525 1662 568 Theodoreto
1701 525 1805 567 fides
1841 528 1918 580 eet,

359 599 408 641 cf.
442 599 548 640 Dox.
576 599 659 641 391
695 614 719 640 a
751 599 777 641 3
812 592 860 639 'et
896 597 1062 653 notas),
1100 598 1192 652 ipse
1231 600 1475 639 atomorum
1514 596 1734 638 doctrinae
1771 599 1918 651 aperte
1961 652 1969 659 -

357 670 619 711 adversatus.
665 668 785 718 Quod
807 668 1067 725 cognitionis
1089 668 1298 710 facultate
1327 668 1541 722 sapientes
1562 666 1728 721 bestiis,
1754 666 1922 721 sapien*

356 740 473 782 tibus
506 741 607 782 deos
645 741 774 796 longe
805 742 1026 795 praestare
1060 739 1171 793 vult,
1209 739 1342 780 habes
1382 739 1611 781 coniuncta
1643 737 1917 780 Alcmaeonis

356 811 601 866 fragmenta
631 810 652 852 I
685 813 728 853 et
759 810 813 852 ΙΙ.
873 810 925 852 In
965 810 1025 852 eis
1065 825 1172 864 quae
1213 810 1265 851 ad
1298 809 1554 851 medicinam
1586 811 1782 864 spectant
1819 823 1916 850 con·

356 884 516 938 gruunt
545 882 594 923 de
621 881 793 936 semine,
821 881 933 935 quod
960 895 1099 922 mares
1133 895 1219 922 non
1245 880 1384 935 magis
1419 894 1546 934 quam
1572 879 1754 920 feminas
1781 879 1915 920 effun-

356 953 453 993 dere
503 967 755 1007 persuasum
805 951 976 993 habent.
1046 951 1276 992 Praeterea
1319 951 1370 992 de
1420 950 1634 992 mularum
1684 949 1915 992 sterilitate

356 1023 578 1078 opiniones
617 1022 841 1077 proferunt
873 1021 1117 1063 simillimas
1158 1020 1273 1076 (pag.
1302 1021 1388 1062 226
1420 1019 1644 1077 Mullach).
1707 1019 1917 1062 Gravissi-

356 1108 473 1134 mum
506 1095 650 1134 autem
683 1094 766 1147 est,
798 1092 910 1147 quod
942 1092 1071 1132 etiam
1107 1091 1400 1133 conclamatae
1431 1091 1548 1132 illius
1581 1091 1632 1133 de
1665 1091 1782 1146 poris
1814 1091 1913 1134 doc—

356 1163 522 1218 trinae,-
555 1178 682 1217 quam
722 1162 998 1204 Democritus
1037 1176 1114 1204 nec
1151 1176 1238 1203 non
1277 1162 1560 1217 Empedocles
1597 1160 1667 1217 (de
1706 1176 1790 1216 quo
1827 1161 1915 1205 iam

353 1233 660 1288 Philippsonus
688 1235 835 1274 monet
847 1231 958 1288 Γ’Τλη
986 1232 1185 1287 ἀνθρωπ.
1211 1246 1308 1287 pag.
1330 1230 1406 1288 21)
1434 1233 1726 1288 excoluerunt,
1751 1232 1916 1274 semina

353 1319 401 1346 ac
432 1303 712 1345 fundamenta
743 1307 889 1358 aperte
922 1304 1060 1345 latent
1091 1303 1136 1344 in
1167 1303 1285 1358 poris
1316 1303 1676 1355 Alcmaeonianis,
1709 1303 1912 1357 quoniam

353 1389 375 1415 e
414 1388 616 1416 sensuum
654 1373 772 1428 poris
813 1373 1051 1428 profectam
1091 1389 1187 1415 eam
1225 1388 1317 1415 esse
1355 1373 1449 1428 ipsa
1486 1387 1554 1415 res
1592 1374 1727 1416 docet.
1790 1373 1913 1422 Quod
1976 1427 1980 1431 Δ

353 1459 453 1486 vero
492 1445 535 1485 in
567 1444 708 1486 foetus
740 1447 896 1486 natura
933 1444 1203 1500 depingenda
1240 1444 1447 1500 spongiae
1485 1444 1673 1500 imagine
1712 1459 1814 1486 usus
1847 1447 1913 1486 est

354 1514 626 1570 Crotoniata‚
667 1515 898 1557 manifesta
934 1515 1144 1557 habemus
1182 1516 1309 1557 initia
1346 1515 1565 1557 doctrinae
1603 1515 1720 1557 illius
1759 1514 1912 1556 atomi-

353 1585 496 1627 sticae.
