2125 3439
1054 267 1344 308 -90—

420 377 557 414 torem
596 372 794 413 adhibuit
832 372 1135 427 Pythagoreus
1180 372 1226 413 in
1267 386 1391 414 suum
1433 387 1558 414 usum
1598 372 1978 416 Alcmaeonianam

418 445 468 484 de
496 443 730 484 bestiarum
757 442 1065 497 hominumque
1093 443 1334 485 differentia
1359 443 1601 485 doctrinam
1627 444 1818 499 verterit,
1849 445 1977 501 plane

418 515 607 555 incertus
639 513 835 554 haerebis
869 511 1039 569 (Rohde
1071 513 1238 569 Psyche
1270 515 1370 570 464,
1397 516 1418 556 1
1455 512 1593 570 extu).
1630 539 1678 545 —

537 595 617 638 Sed
639 596 768 637 latius
790 611 856 637 res
878 598 1010 651 patet.
1056 596 1355 652 Quaerendum
1375 600 1452 652 est,
1473 612 1581 652 quae
1603 598 1715 639 ratio
1736 598 1977 640 intercedat

418 668 530 708 inter
551 667 924 722 Pythagoreorum
952 668 1203 709 societatem
1227 670 1451 722 totamque
1478 667 1706 710 scholam
1734 669 1978 712 medicam

418 737 821 780 Crotoniensem.
878 737 957 780 Cui
984 739 1226 793 quaestioni
1260 741 1307 780 ut
1332 739 1442 780 viam
1473 739 1729 794 muniamus,
1755 739 1979 782 Peterseni

421 809 611 864 (Studien
629 823 725 864 pag.
741 808 820 865 XI)
837 810 1129 852 coniecturam
1151 809 1363 863 quandam
1383 812 1509 850 antea
1529 809 1775 851 refellamus
1797 813 1981 864 oportet.

417 880 530 922 Huic
561 881 675 922 enim
708 880 760 922 ab
794 879 997 921 Elothale
1030 879 1118 922 Coo
1153 880 1317 921 medico
1354 879 1465 922 hanc
1497 880 1740 922 doctrinam
1773 881 1979 924 Alcmaeo

417 951 651 1005 sumpsisse
690 951 858 992 videtur
890 951 1136 1005 inspicienti
1169 949 1318 991 Iambl.
1353 965 1389 991 v,
1422 949 1550 1004 Pyth.
1585 951 1659 991 34:
1697 949 1769 992 καὶ
1801 953 1979 1007 Μητρό-

416 1022 556 1075 δωρός
594 1037 637 1063 τε
682 1022 704 1064 ὁ
745 1022 924 1075 Θύρσου
968 1027 1046 1062 τοῦ
1084 1022 1246 1075 πατρὸς
1279 1019 1546 1076 Ἐπιχάρμου
1587 1019 1659 1062 καὶ
1696 1026 1772 1075 τῆς
1809 1020 1980 1064 ἐκείνου

416 1093 699 1142 διδασκαλίας
730 1093 781 1133 τὰ
812 1095 992 1133 πλεῖστα
1024 1092 1132 1146 πρὸς
1157 1092 1237 1145 τὴν
1265 1092 1464 1146 ἰατρικὴν
1496 1090 1769 1146 μετενέγκας,
1801 1091 1979 1146 ἐξηγού-

416 1178 546 1217 μενος
590 1165 690 1212 τοὺς
732 1169 811 1205 τοῦ
851 1163 1014 1215 πατρὸς
1055 1164 1213 1215 λόγους
1256 1164 1364 1217 πρὸς
1407 1164 1485 1204 τὸν
1524 1161 1720 1217 ἀδελφόν
1756 1174 1864 1217 φησι
1901 1163 1978 1205 τὸν

411 1232 701 1288 Ἐπίχαρμον.
724 1267 730 1275 .
754 1268 760 1274 .
783 1240 896 1275 ,τῶν
925 1232 1163 1275 διαλέκτων
1194 1232 1376 1288 ἀρίστην
1409 1233 1651 1288 λαμβάνειν
1677 1234 1757 1288 τὴν
1783 1234 1979 1288 Δωρίδα.

416 1304 532 1353 Quae
565 1305 696 1346 verba
728 1305 789 1346 ita
822 1304 1103 1359 interpretari
1136 1304 1319 1359 videtur,
1351 1307 1399 1345 ut
1428 1303 1702 1346 Metrodorus
1729 1304 1979 1358 Epicharmi

416 1375 585 1416 dicatur
616 1375 762 1430 frater,
795 1390 879 1430 qua
906 1389 956 1416 ex
983 1390 1027 1417 re
1053 1375 1220 1430 Thyrso
1251 1374 1378 1430 plane
1410 1374 1608 1430 neglecto
1636 1374 1818 1430 colligit,
1850 1375 1978 1417 ambo

416 1446 635 1487 Elothalis
669 1461 760 1488 esse
791 1447 925 1501 filios3
963 1461 1063 1488 nam
1100 1447 1171 1488 hic
1203 1446 1456 1501 Epicharmi
1495 1449 1618 1500 pater
1650 1445 1782 1487 fuisse
1822 1445 1980 1487 dicitur

416 1517 563 1573 (Diog.
594 1517 698 1558 VIII
728 1520 769 1570 1,
797 1519 841 1572 ὃς
874 1518 912 1569 3,
944 1515 997 1572 1).
1061 1516 1174 1559 Utut
1213 1518 1263 1558 de
1299 1517 1382 1559 hoc
1414 1517 1509 1558 loco
1542 1515 1843 1572 difficillimol)
1874 1515 1980 1558 iudi-

416 1588 554 1642 cabis,
585 1588 667 1630 hoc
699 1588 825 1630 facile
858 1589 1080 1630 intellectu
1114 1603 1200 1630 non
1233 1591 1318 1642 est,
1355 1602 1432 1629 nec
1465 1602 1594 1642 quare
1627 1588 1732 1629 haec
1766 1587 1896 1629 verba
1927 1587 1980 1635 ad

416 1659 658 1701 doctrinam
692 1660 741 1701 de
776 1659 1092 1701 contrariorum
1124 1659 1168 1700 in
1201 1673 1378 1713 corpore
1410 1659 1600 1700 humano
1638 1658 1855 1713 aequitate
1888 1672 1977 1712 per-

415 1731 594 1780 tineant,
629 1744 707 1772 nec
739 1745 823 1785 quo
851 1731 942 1772 iure
976 1731 1027 1771 ad
1055 1729 1301 1772 Elothalem
1328 1730 1585 1772 Peterse-nus
1613 1744 1706 1772 eam
1733 1729 1978 1771 transferat.

417 1801 567 1855 Neque
601 1801 715 1843 enim
747 1816 943 1857 usquam,
977 1802 1090 1856 quod
1124 1802 1268 1856 seiam,
1301 1802 1512 1843 traditum
1539 1804 1605 1842 est
1638 1801 1849 1842 medicum
1876 1800 1978 1842 Elo-

418 1871 579 1913 thalem
612 1872 764 1927 fuisse3
796 1874 928 1914 immo
963 1888 1012 1914 ex
1045 1873 1112 1914 his
1145 1872 1252 1927 ipsis
1285 1873 1427 1914 verbis
1462 1872 1670 1914 medicam
1702 1872 1823 1913 illam
1856 1885 1980 1926 quae-

419 1957 599 1997 cumque
627 1943 710 1984 fuit
738 1944 979 1986 doctrinam
1006 1958 1140 1998 neque
1167 1944 1220 1985 ab
1246 1944 1509 1998 Epicharmo
1535 1957 1672 1997 neque
1701 1943 1754 1984 ab
1775 1941 1979 1984 Elothale

415 2013 654 2067 profectam
675 2029 767 2056 esse
788 2015 939 2069 elucet,
960 2029 1054 2056 cum
1078 2015 1237 2056 diserte
1258 2014 1374 2056 dicat
1394 2013 1660 2055 lamblichus
1681 2013 1978 2055 Metrodorum

416 2084 587 2126 demum
620 2100 726 2139 quae
760 2101 784 2127 a
816 2088 936 2140 patre
969 2086 1207 2140 accepisset
1239 2085 1282 2126 in
1316 2085 1551 2126 medicinae
1584 2099 1709 2126 usum
1742 2099 1931 2127 vocasse.

536 2156 747 2210 Equidem
776 2155 952 2197 Suidam
979 2157 1126 2211 potius
1152 2156 1235 2198 huc
1264 2156 1558 2197 advocandum
1586 2170 1677 2197 esse
1708 2169 1860 2197 censeo
1886 2169 1980 2196 nar·

416 2229 584 2268 rantem
610 2226 663 2283 (s.
685 2242 721 2268 V.
750 2226 1034 2283 Δημοκήδης)
1063 2226 1316 2268 Democedis
1345 2226 1624 2268 Crotoniatae
1651 2229 1818 2280 patrem
1847 2226 1979 2268 fuisse

417 2296 737 2352 Calliphontem
772 2297 886 2352 ἱερέα
913 2300 1153 2351 γενόμενον
1184 2297 1231 2338 ἐν
1259 2298 1425 2354 Κνίδῳ,
1458 2297 1568 2338 unde
1596 2296 1831 2338 Krischeus
1859 2295 1980 2352 (For-

415 2368 615 2422 sehzmyen
644 2383 719 2410 ειιν
744 2370 853 2410 alten
882 2369 1037 2410 Philos.
1065 2368 1085 2409 I
1115 2367 1188 2424 72)
1216 2368 1375 2410 collata
1401 2367 1613 2409 Herodoti
1646 2367 1696 2408 de
1725 2366 1979 2409 Democedis

416 2439 518 2480 fatis
550 2439 798 2481 narratione
838 2442 952 2481 recte
994 2439 1212 2481 concludit
1245 2437 1564 2493 Calliphontem
1598 2438 1810 2479 medicum
1843 2437 1979 2480 Cnido

417 2510 650 2551 Crotonem
675 2510 852 2562 (Herod.
874 2510 938 2551 III
965 2512 1045 2552 135
1073 2516 1130 2567 τςό
1157 2508 1308 2565 πατρί)
1335 2510 1581 2565 emigrasse.
1626 2509 1778 2563 Itaque
1805 2523 1830 2550 a
1852 2507 1979 2551 Calli-

417 2581 578 2634 phonte
612 2581 764 2623 Cnidio
797 2581 944 2623 schola
976 2579 1272 2622 Crotoniensis
1306 2580 1517 2635 originem
1551 2579 1721 2621 duxisse
1755 2578 1978 2635 videtur.²)

538 2711 571 2750 1)
605 2708 657 2743 Cf.
692 2709 885 2744 Rohdeum
917 2709 1025 2754 (Mus.
1058 2709 1174 2743 Rhen.
1209 2712 1264 2751 27,
1299 2711 1357 2754 57)
1391 2711 1426 2744 et
1460 2707 1670 2742 Nauckium
1708 2707 1760 2752 (in
1792 2707 1879 2744 edit.
1914 2718 1980 2743 sua

419 2767 607 2811 Petropoli
637 2770 754 2811 1884).

538 2829 572 2871 2)
594 2827 778 2862 Haeserus
798 2830 926 2863 narrat
945 2830 1044 2872 (pag.
1070 2829 1148 2872 101)
1171 2826 1363 2863 Eudoxum
1385 2826 1559 2862 Cnidium
1579 2826 1731 2870 eiusque
1753 2824 1978 2871 discipulum

422 2884 677 2929 Chrysippum,
705 2888 742 2920 et
768 2886 888 2930 ipsum
917 2886 1089 2921 Cnidium
1117 2888 1230 2930 atque
1258 2885 1473 2921 Erasistrati
1499 2884 1730 2930 magistrum,
1757 2887 1799 2920 ut
1824 2897 1846 2919 a
1866 2884 1980 2920 Phili-

420 2943 540 2978 stione
569 2944 753 2979 medicina
781 2945 1033 2979 imbuerentur
1053 2946 1291 2980 Crotonem
1319 2945 1506 2989 profectos
1533 2955 1623 2979 esse.
1664 2944 1768 2987 Quod
1789 2944 1820 2978 si
1840 2955 1977 2987 verum,

421 3003 634 3038 memoriam
658 3003 832 3047 antiquae
855 3004 1086 3050 cognationis
1114 3003 1228 3039 etiam
1249 3004 1415 3039 Platonis
1437 3003 1666 3049 temporibus
1693 3005 1878 3039 servatam
1899 3013 1978 3038 esse
