2125 3439
1061 197 1352 238 —78—

427 305 568 346 valere
610 318 706 344 cum
745 303 867 357 dicit,
913 317 1012 344 cave
1056 305 1263 356 quattuor
1301 302 1613 343 elementorum
1650 301 1894 343 doctrinam
1935 301 1988 342 ab

431 374 690 428 Empedocle
723 373 1014 428 excogitatam
1045 372 1117 413 hic
1145 372 1400 414 immisceas.
1451 370 1591 413 Immo
1624 371 1675 412 de
1702 371 1989 426 qualitatibus

428 444 520 499 agit
551 443 722 497 Aetius,
762 444 824 484 ita
861 446 910 484 ut
942 443 1004 484 nil
1037 442 1154 484 aliud
1186 442 1301 485 dicat
1334 443 1538 485 Alcmaeo
1571 442 1656 484 nisi
1689 457 1844 497 corpus
1876 442 1992 484 iusta

427 517 719 569 temperatura
763 514 942 555 calidius
990 514 1057 555 vel
1102 513 1305 569 frigidius
1349 513 1416 555 vel
1458 513 1613 555 siccius
1661 513 1728 555 vel
1776 512 1990 554 humidius

428 586 575 626 inorbo
621 584 779 639 corripi
824 584 972 626 solere.
1014 609 1065 614 ——-
1105 582 1195 626 Iam
1242 599 1350 639 quae
1396 587 1636 639 sequuntur
1679 599 1806 626 voces
1850 585 1990 638 γλυκὺ

425 657 583 710 πικρὸν
623 656 728 710 quin
759 656 810 697 de
843 656 956 698 sucis
990 656 1161 710 corpori
1192 655 1370 697 inclusis
1409 655 1717 710 intelligendae
1751 656 1839 697 sint
1871 654 1991 696 dubi-

427 727 510 768 tari
543 727 706 782 nequit,
739 741 835 769 cum
868 730 1020 769 auctor
1053 727 1101 768 de
1130 727 1270 780 prisca
1296 726 1518 779 medicina,
1552 726 1625 780 qui
1653 729 1696 768 et
1722 727 1812 781 ipse
1840 724 1990 782 (Hipp.

424 796 443 838 I
474 798 545 853 16,
571 799 598 839 2
630 797 906 852 Kiihlewein)
945 799 1010 839 ἔνι
1043 797 1186 852 inquit
1226 796 1273 838 ἐν
1306 796 1530 852 ἀνθρώπῳ
1569 795 1641 837 καὶ
1683 795 1882 850 ἁλμυρὸν
1919 793 1991 837 καὶ

426 869 585 922 πικρὸν
617 867 688 910 καὶ
715 870 854 922 γλυκὺ
881 867 952 910 καὶ
979 868 1055 918 ὀξὺ
1083 866 1153 909 καὶ
1181 869 1406 922 στρυφνὸν
1432 865 1502 908 καὶ
1529 867 1758 920 πλαδαρὸν
1783 864 1855 907 καὶ
1881 867 1992 908 ἄλλα

425 942 559 993 μυριά
589 941 797 989 παντοίας
836 939 1050 993 δυνάμιας
1088 940 1243 993 ἔχοντα
1275 939 1446 991 πλῆθός
1477 953 1521 978 τε
1553 935 1625 978 καὶ
1659 937 1804 991 ἰσχύν,
1843 936 1990 978 eadem

425 1011 596 1065 saepius
625 1010 814 1065 appellet
839 1010 1004 1065 χυμούς
1025 1007 1099 1064 (ib.
1125 1010 1191 1063 16,
1216 1009 1287 1064 163
1308 1009 1377 1064 26,
1399 1009 1454 1050 20
1469 1022 1576 1064 sqq.;
1601 1009 1668 1062 30,
1686 1006 1746 1064 2).
1794 1006 1992 1062 Denique

428 1082 560 1122 verba
594 1085 785 1123 extrema
816 1079 887 1123 καὶ
919 1081 971 1122 τὰ
1005 1080 1134 1121 λοιπὰ
1173 1080 1275 1134 quid
1311 1079 1395 1121 sibi
1427 1079 1564 1121 velint
1597 1078 1788 1120 ostendit
1821 1077 1993 1133 Simpli-

426 1149 562 1207 cius1)
600 1166 798 1204 narrans,
845 1151 1207 1205 quemadmodum
1244 1150 1291 1192 in
1328 1150 1528 1192 omnibus
1567 1150 1884 1192 contrariorum
1922 1163 1992 1205 ge-

427 1222 601 1263 neribus
630 1237 778 1263 unum
805 1222 1120 1264 contrariorum
1149 1237 1228 1276 par
1256 1221 1477 1264 omnium
1505 1221 1628 1275 quasi
1654 1220 1862 1263 vicarium
1887 1220 1991 1276 poni

426 1293 575 1347 soleat,
603 1308 635 1334 e.
657 1307 720 1348 gr.
745 1293 919 1348 nigrum
945 1292 1092 1334 album
1119 1307 1197 1348 pro
1218 1295 1313 1335 tota
1339 1292 1531 1334 colorum
1558 1292 1782 1347 varietate,
1808 1292 1991 1334 eundem

424 1364 555 1405 etiam
581 1365 740 1418 πικρὸν
772 1365 911 1417 γλυκὺ
944 1364 1138 1405 omnium
1163 1364 1451 1420 gustabilium
1477 1363 1739 1418 qualitatum
1771 1363 1867 1406 loco
1894 1363 1990 1405 dici.

431 1434 547 1482 Quae
579 1434 667 1476 fere
700 1436 832 1477 verba
863 1435 975 1490 apud
1001 1435 1309 1477 Alcmaeonem
1342 1434 1580 1489 supplenda
1612 1435 1710 1489 sint,
1743 1435 1868 1476 docet
1894 1449 1987 1476 auc-

427 1506 536 1547 toris
570 1505 619 1547 de
652 1506 795 1560 prisca
825 1505 1038 1548 medicina
1070 1506 1114 1562 (l.
1141 1505 1188 1560 l.)
1220 1506 1389 1561 plenior
1421 1506 1699 1548 enumeratio.

546 1576 668 1626 Quod
700 1577 911 1632 placitum
943 1577 1048 1618 adeo
1081 1577 1193 1632 apud
1225 1577 1488 1632 posteriores
1521 1576 1710 1619 medicos
1741 1576 1990 1632 increbruit,

423 1651 471 1690 ut
503 1648 628 1690 facile
667 1648 903 1691 medicinae
943 1661 1120 1703 graecae
1160 1648 1488 1689 fundamentum
1527 1647 1656 1690 dicas.
1719 1647 1990 1703 Quamquam

423 1734 548 1761 nemo
590 1734 722 1761 sanus
759 1719 991 1760 mirabitur
1028 1719 1309 1774 posteriores,
1349 1719 1423 1773 qui
1462 1718 1602 1774 magis
1639 1719 1863 1775 magisque
1896 1734 1988 1761 sen-

424 1790 606 1831 tentiam
633 1790 752 1831 illam
781 1790 1048 1845 excolebant,
1079 1789 1289 1832 nonnulla
1314 1792 1505 1832 mutasse
1530 1790 1739 1832 nonnulla
1764 1790 1988 1832 addidisse.

422 1860 574 1915 Itaque
614 1864 714 1903 sunt
752 1861 797 1902 in
836 1860 991 1915 quibus
1030 1877 1055 1903 a
1092 1861 1309 1917 plerisque
1346 1859 1624 1903 Crotoniatae
1664 1861 1882 1904 sententia
1918 1862 1989 1903 ab·

423 1932 610 1974 horreat.
674 1932 748 1974 Nil
781 1932 853 1974 ille
887 1933 936 1974 de
970 1933 1214 1988 elementis,
1253 1933 1314 1974 nil
1354 1932 1404 1974 de
1444 1935 1650 1987 quattuor
1683 1933 1796 1975 sucis
1834 1932 1990 1988 princi-

422 2004 611 2058 palibus,
643 2018 772 2057 porro
807 2019 915 2058 quae
949 2004 1119 2058 saepius
1151 2006 1384 2045 narrantur
1410 2004 1460 2044 de
1487 2019 1690 2046 sucorum
1717 2004 1987 2059 μεταστάσει,

425 2074 565 2115 3110113
603 2089 694 2116 esse
735 2075 932 2116 videntur
971 2075 1024 2116 ab
1064 2074 1181 2116 illius
1221 2075 1400 2116 ratione.
1463 2074 1660 2130 Denique
1696 2090 1821 2118 sucos
1854 2075 1988 2117 alium

424 2145 465 2185 in
501 2145 634 2187 alium
672 2145 830 2187 mutari
870 2160 965 2187 eum
1000 2146 1228 2187 credidisse
1266 2160 1355 2187 non
1386 2148 1452 2187 est
1490 2160 1565 2187 cur
1594 2148 1815 2201 putemus,
1854 2147 1986 2189 immo

425 2231 446 2256 e
479 2216 758 2258 nutrimentis
798 2218 1016 2259 concoctis
1057 2216 1150 2274 (διὰ
1182 2220 1353 2271 πλῆθος
1384 2223 1549 2271 τροφῆς
1579 2216 1605 2270 ἢ
1639 2215 1833 2272 ἔνδειαν)
1873 2217 1988 2272 quod

424 2302 524 2328 suae
552 2287 756 2342 cuiusque
782 2291 961 2329 naturae
988 2291 1138 2342 aptum
1159 2291 1225 2329 est
1251 2287 1482 2328 attrahere.
1533 2287 1659 2329 Haud
1687 2302 1809 2330 secus
1831 2287 1987 2342 Empe-

423 2357 566 2399 docles
600 2358 650 2399 de
684 2358 878 2400 ciborum
912 2360 1189 2401 concoctione
1222 2359 1394 2400 locutus
1427 2356 1483 2414 (v.
1511 2359 1595 2400 282
1613 2373 1672 2414 sq.
1701 2357 1801 2414 St.):

483 2440 539 2489 ὣς
571 2442 709 2494 γλυκὺ
742 2439 822 2495 μὲν
855 2444 994 2495 γλυκὺ
1027 2441 1206 2496 μάρπτε,
1238 2442 1396 2494 πικρὸν
1424 2438 1465 2482 δ’
1497 2439 1566 2482 ἐπὶ
1597 2442 1758 2496 πικρὸν
1784 2442 1986 2497 ὄρουσεν,

483 2511 557 2561 ὀξὺ
591 2510 629 2553 δ’
662 2510 727 2553 ἐπ’
758 2512 834 2563 ὀξὺ
867 2515 961 2568 ἔβη,
994 2514 1181 2568 δαλερὸν
1214 2514 1384 2568 δαλερςό
1419 2510 1454 2553 δ’
1491 2511 1711 2568 ἐπόχευεν.

543 2597 682 2643 Quam
721 2595 772 2636 ad
812 2609 1008 2636 normam
1049 2609 1346 2650 comparemus
1386 2597 1560 2649 oportet
1594 2594 1847 2637 Aristotelis
1886 2596 1986 2639 illos

411 2666 541 2723 *locos
581 2681 687 2720 quos
728 2665 943 2708 Sanderus
983 2666 1036 2707 ab
1075 2666 1336 2708 Alcmaeone
1375 2668 1573 2720 sumptos
1613 2680 1705 2707 esse
1745 2666 1985 2708 contendit:

423 2736 524 2791 Top.
560 2737 621 2777 Vl
655 2738 680 2778 2
714 2751 809 2793 pag.
846 2738 927 2778 139
961 2737 988 2779 b
1023 2738 1096 2793 213
1134 2737 1234 2779 ibid.
1261 2736 1321 2778 VI
1355 2737 1400 2791 6,
1430 2737 1512 2778 145
1545 2737 1571 2778 b
1607 2738 1650 2791 83
1689 2736 1817 2792 Phys.
1846 2736 1984 2779 V113

423 2821 521 2863 pag.
549 2809 632 2849 2413
661 2808 687 2848 b
713 2808 753 2849 4.
812 2807 928 2850 Satis
960 2808 1098 2850 habeo
1131 2824 1228 2850 eum
1261 2808 1411 2850 afferre
1444 2808 1599 2862 locum,
1631 2823 1759 2862 quem
1792 2808 1985 2850 omnium

545 2937 578 2979 1)
606 2935 640 2969 in
667 2935 769 2979 phys.
794 2940 870 2979 193,
894 2941 930 2979 ῖς
951 2940 1031 2979 406,
1053 2940 1096 2970 ⁶24
1118 2936 1230 2972 Diels.
1271 2936 1323 2972 Cf.
1345 2935 1498 2973 Aristot.
1518 2937 1563 2972 de
1585 2937 1719 2973 sensib.
1740 2949 1775 2982 p.
1795 2940 1864 2972 442
1885 2947 1908 2971 a
1928 2940 1982 2974 12.
