2125 3439
404 378 542 419 fectus
576 376 720 417 mirati
754 376 1032 429 σκαφοειδεῖς
1063 389 1134 415 eas
1162 388 1253 416 esse
1285 388 1539 428 persuasum
1571 373 1800 415 habebant.
1851 373 1967 422 Quae

404 449 568 503 opinio,
608 462 733 501 quam
774 449 874 487 sunt
912 445 985 500 qui
1024 460 1074 486 ex
1114 444 1313 500 Aegypto
1352 445 1581 500 petendam
1620 458 1712 485 esse
1752 448 1968 500 censeant,

404 522 565 572 quanto
592 517 805 559 vetustior
831 519 946 558 certe
975 516 1033 557 sit
1059 515 1326 572 Heraclitol)
1359 515 1506 558 fabula
1530 515 1607 556 illa
1633 515 1758 557 docet
1784 516 1834 557 de
1861 516 1967 557 solis

402 589 537 644 φιάλῃ
571 589 623 629 ab
658 587 972 642 antiquissimis
1003 587 1143 642 poetis
1175 587 1333 642 ubique
1367 586 1594 641 celebrata,
1628 600 1810 642 quorum
1836 586 1968 628 Athe-

403 674 534 701 naeus
556 658 636 714 (XI
657 659 741 700 469
759 656 818 714 D)
838 661 1061 700 enumerat
1080 658 1227 700 hosce:
1255 657 1523 710 Pisandrum,
1548 656 1816 712 Panyassim,
1839 655 1970 699 Stesi-

404 731 600 784 chorum,
634 729 958 783 Antimachum,
990 729 1273 783 Aeschylum,
1303 728 1627 782 Mimnermum,
1666 728 1968 782 Pherecydem.

406 801 600 856 Denique
641 815 806 855 vereor,
850 815 902 842 ne
943 800 1055 854 quod
1100 800 1213 854 apud
1253 798 1489 841 Stobaeum
1527 799 1713 854 legimus
1753 799 1804 840 de
1842 799 1969 841 lunae

404 872 642 914 defectibus
675 871 898 926 placitum,
929 886 1016 912 non
1052 870 1110 912 sit
1142 869 1370 924 Heracliti,
1403 870 1476 911 sed
1509 877 1597 911 τῶν
1621 867 1970 923 “Ηρακλειτιζόν-

405 959 512 993 των;
546 958 645 985 nam
680 942 851 997 qualem
883 942 974 996 ipse
1001 941 1218 996 Ephesius
1251 941 1376 981 lunae
1409 940 1595 982 formam
1628 954 1720 982 esse
1753 939 1971 982 existima-

406 1014 526 1068 verit,
557 1028 734 1068 prorsus
767 1010 1040 1067 nescimus.2)

522 1084 657 1126 Porro
678 1082 1035 1125 Parmenidem
1062 1083 1175 1124 inter
1199 1085 1326 1137 atque
1347 1082 1655 1124 Alcmaeonem
1683 1081 1822 1136 qualis
1843 1082 1972 1124 inter-

406 1156 528 1197 cedat
560 1155 670 1196 ratio
710 1155 745 1195 si
786 1153 1048 1208 quaerimus,
1087 1153 1147 1194 nil
1187 1156 1253 1194 est
1292 1167 1366 1195 cur
1405 1153 1589 1195 alterum
1629 1168 1681 1195 ex
1719 1153 1855 1195 altero
1895 1168 1973 1195 sua

406 1226 601 1267 hausisse
629 1225 833 1267 dicamus.
878 1223 992 1265 Nam
1018 1239 1115 1265 cum
1141 1224 1186 1266 in
1213 1224 1369 1266 ceteris
1389 1224 1477 1266 fere
1499 1225 1754 1280 discrepent,
1779 1224 1887 1266 illud
1910 1225 1971 1266 nil

405 1297 518 1338 valet
544 1297 588 1338 in
614 1299 682 1338 tot
708 1296 966 1350 praesertim
997 1295 1359 1350 philosophorum
1386 1310 1608 1347 consensu,
1642 1296 1755 1351 quod
1789 1295 1972 1338 feminas

407 1382 578 1422 quoque
625 1382 769 1409 semen
813 1367 1011 1408 emittere
1058 1370 1315 1422 congruunt.
1376 1366 1557 1409 Accedit
1604 1367 1718 1421 quod
1763 1367 1974 1409 dissident

409 1439 459 1479 de
492 1452 617 1479 sexus
653 1438 819 1493 origine
852 1437 977 1491 (Dox.
1005 1438 1093 1479 420
1120 1453 1144 1479 a
1173 1440 1192 1479 1
1230 1440 1273 1479 et
1299 1436 1473 1480 Censor.
1500 1438 1537 1479 d.
1564 1438 1630 1480 die
1662 1441 1750 1479 nat.
1779 1439 1818 1490 6,
1843 1438 1887 1493 53
1920 1437 1972 1480 cf.

406 1509 513 1550 Dox.
547 1510 638 1550 192.
669 1509 783 1562 194),
821 1511 865 1550 et
896 1523 948 1550 ne
983 1509 1032 1550 de
1066 1509 1348 1550 similitudine
1388 1509 1559 1564 quidem
1592 1509 1829 1551 liberorum
1859 1509 1973 1551 idem

407 1579 591 1621 sensisse
624 1579 807 1634 putandi
834 1582 947 1635 sunt,
979 1579 1183 1634 quoniam
1216 1594 1345 1634 quam
1371 1579 1648 1622 Parmenides
1675 1580 1977 1622 similitudinis·

411 1666 585 1693 causam
617 1650 886 1692 existimasse
914 1651 1082 1692 videtur
1109 1649 1178 1706 (cf.
1209 1650 1396 1692 Karsten
1423 1650 1530 1692 Phil.
1559 1665 1622 1707 gr.
1649 1655 1731 1693 vet.
1758 1651 1777 1693 Ι
1805 1653 1843 1707 2,
1867 1652 1972 1706 264;

411 1737 551 1764 errare
595 1720 878 1764 Censorinum
911 1723 962 1773 6,
996 1723 1021 1764 8
1065 1724 1107 1763 et
1140 1722 1317 1764 Aetium
1349 1721 1389 1764 V
1420 1724 1553 1776 11,2
1595 1723 1720 1765 docet
1759 1722 1973 1764 Dielesius

416 1793 522 1835 Dox.
552 1793 666 1849 193),
700 1793 877 1834 eandem
904 1793 955 1834 ad
983 1807 1108 1834 sexus
1139 1793 1436 1835 diversitatem
1467 1793 1682 1848 pertinere
1709 1793 1849 1836 voluit
1876 1794 1975 1835 Alc·-

410 1879 532 1906 maeo
571 1864 744 1920 (fragm.
773 1863 908 1920 XIV).
971 1863 1080 1906 Uter
1114 1867 1258 1906 autem
1290 1864 1410 1919 prior
1443 1864 1764 1920 embryologiae
1798 1879 1974 1919 operam

409 1935 633 1977 navaverit
664 1935 892 1990 nescimus,
926 1950 1022 1976 cum
1049 1938 1093 1976 et
1120 1936 1317 1990 aequales
1350 1935 1438 1977 fere
1466 1936 1554 1977 sint
1585 1949 1722 1990 neque
1755 1950 1779 1976 a
1808 1935 1973 1977 medico

408 2006 716 2061 philosophum
747 2006 826 2048 has
860 2007 911 2048 ad
944 2021 1010 2048 res
1038 2006 1284 2048 tractandas
1319 2010 1584 2049 commotum
1616 2009 1768 2061 putare
1800 2021 1973 2048 necesse

409 2078 486 2132 sit3
524 2093 660 2132 neque
701 2078 814 2118 enim
846 2077 978 2118 ullam
1014 2076 1312 2132 quaestionem
1350 2077 1585 2119 studiosius
1625 2077 1974 2132 disceptaverunt

412 2163 559 2190 omnes
599 2149 687 2190 fere
720 2151 763 2190 et
793 2147 1043 2203 philosophi
1076 2151 1119 2189 et
1152 2147 1323 2202 medici,
1363 2163 1492 2203 quam
1522 2148 1634 2191 hanc
1667 2148 1716 2189 de
1748 2148 1973 2190 hominum

409 2219 625 2275 progenie.

531 2289 612 2331 Sed
634 2290 685 2331 ad
708 2290 1004 2346 Pythagoreos
1030 2293 1310 2346 revertamur,
1335 2290 1592 2345 quibuscum
1614 2290 1856 2333 consentire
1878 2290 1975 2333 Alc-

411 2375 632 2403 maeonem
664 2361 791 2402 nobis
825 2364 1008 2403 constat.
1058 2361 1222 2403 Tamen
1254 2362 1367 2403 inter
1394 2362 1512 2416 ipsos
1538 2361 1839 2417 Pythagoreos
1869 2376 1974 2403 num

410 2432 698 2473 numerandus
726 2432 795 2485 sit,
827 2432 1025 2486 equidem
1055 2433 1176 2474 valde
1202 2433 1364 2474 dubito.
1410 2432 1679 2487 Quamquam
1706 2446 1794 2474 non
1819 2433 1975 2474 desunt

412 2504 485 2556 qui
506 2503 802 2558 Pythagoram
823 2518 920 2545 eum
941 2504 1110 2545 audisse
1132 2504 1319 2558 tradant,
1338 2507 1388 2545 ut
1408 2504 1672 2546 lamblichus
1695 2519 1730 2545 v.
1744 2503 1872 2558 Pyth.
1892 2504 1974 2545 104

410 2573 481 2629 (cf.
512 2588 608 2628 pag.
634 2572 702 2630 4);
742 2575 816 2616 sed
856 2574 944 2616 sive
985 2589 1035 2616 ex
1067 2575 1319 2617 Aristotelis
1359 2575 1454 2617 loco
1488 2575 1590 2617 Met.
1617 2575 1656 2616 A
1689 2576 1715 2617 5
1748 2574 1858 2616 falso
1891 2574 1974 2617 hoc

533 2715 565 2758 1)
594 2714 704 2749 Cuius
731 2715 870 2759 placita
897 2725 1006 2758 quam
1035 2715 1110 2749 sint
1135 2715 1272 2750 similia
1297 2715 1560 2761 Xenophaneis
1594 2713 1679 2758 (nisi
1705 2714 1804 2758 quod
1831 2713 1976 2760 σκάφος

413 2772 505 2806 illud
545 2775 585 2807 ut
624 2773 726 2817 vulgi
765 2776 1031 2818 poetarumque
1073 2774 1391 2809 narratiunculam
1433 2773 1565 2808 Eleata
1604 2773 1764 2818 spernit)
1802 2772 1976 2819 exposuit

416 2832 628 2866 lx'arstcnius
650 2832 787 2867 Philos.
809 2844 862 2875 gr.
883 2835 955 2868 vet.
978 2834 989 2866 Ι
1015 2838 1029 2867 1
1059 2844 1144 2878 pag.
1173 2837 1247 2875 163,
1270 2836 1331 2875 473
1361 2836 1438 2875 165,
1460 2837 1515 2868 54.
1538 2837 1597 2874 553
1629 2836 1706 2875 166,
1727 2836 1789 2876 58;
1819 2837 1896 2877 167,
1917 2835 1973 2868 60.

531 2893 566 2933 2)
593 2890 711 2924 Zeller
737 2890 774 2924 1⁵
801 2895 886 2934 685,
914 2896 950 2926 3:
984 2892 1081 2934 Μαβ-
1107 2892 1280 2927 Heraklit
1304 2893 1374 2927 den
1402 2892 1540 2934 Mond,
1565 2892 1630 2926 wie
1656 2892 1714 2927 die
1739 2892 1879 2935 Sonne,
1909 2892 1976 2934 [tir

413 2950 490 2983 eine
521 2950 764 2991 stuwersc'dlte
799 2951 926 2985 §chalc
957 2952 1136 2995 ythaltcn,
1170 2952 1217 2986 ist
1249 2951 1388 2986 absolut
1422 2952 1678 2986 unerweislich.
1730 2952 1767 2986 S.
1793 2952 1975 2997 Bernays,

418 3008 496 3043 Ges.
518 3008 647 3043 Amall.
670 3008 695 3041 I
716 3013 773 3043 123.
