2125 3439
781 262 831 267 -,
894 237 1070 278 41-

267 344 449 386 Aetius
479 343 605 386 Plac.
635 344 702 399 16,
721 345 748 385 2
774 342 913 399 (Dox.
933 344 1019 386 406
1042 358 1066 385 a
1087 344 1113 384 b
1135 342 1228 399 21):
1256 341 1501 398 Ἀλκμαίων
1527 342 1706 386 ἀκούειν

146 414 259 470 ἡμᾶς
290 420 349 472 τῷ
375 421 486 471 κενῷ
518 420 577 470 τῷ
605 414 724 463 ἐντὸς
756 420 834 456 τοῦ
867 415 990 464 ὠτός·
1022 420 1152 457 τοῦτο
1184 415 1266 470 γὰρ
1299 411 1411 456 εἶναι
1440 416 1488 457 τὸ
1523 416 1706 469 διηχοῦν

145 486 252 528 κατὰ
290 486 371 540 τὴν
407 491 486 527 τοῦ
522 485 768 539 πνεύματος
804 485 1028 539 εἰσβολήν·
1072 485 1213 527 πάντα
1253 486 1335 541 γὰρ
1373 487 1423 528 τὰ
1461 489 1586 528 κοῖλα
1625 484 1705 541 (sic

146 554 266 598 Stob.
297 555 401 598 κενὰ
431 553 565 611 Plut.)
599 555 705 610 ἠχεῖ.
740 579 793 583 ——

264 637 315 679 In
353 637 642 692 Theophrasti
681 636 823 678 verbis
868 642 997 678 τοῦτο
1036 638 1118 691 γὰρ
1157 638 1296 692 ἠχεῖν·
1340 638 1615 693 φθέγγεσθαι
1660 635 1707 680 δὲ

143 714 202 766 τῷ
229 709 380 766 κοίλῳ·
413 709 490 750 τὸν
517 706 622 763 ἀέρα
649 705 687 749 δ’
721 706 968 763 ἀντηχεϊνΙ)
996 707 1210 749 Dielesius
1244 709 1303 749 nil
1339 709 1422 750 iam
1455 709 1705 750 mutandum

144 793 236 821 esse
269 777 433 836 ratus2)
471 779 581 820 verti
620 779 740 820 iubet
773 779 947 820 ‘sonum
987 782 1131 820 autem
1172 779 1294 821 edere
1335 778 1442 834 (scil.
1476 781 1524 820 τὸ
1556 778 1705 834 κενόν)

150 864 254 892 cavo
285 850 327 892 h.
355 866 386 892 e.
420 853 598 906 propter
630 865 858 892 cavernam
890 849 1005 891 auris
1039 849 1293 892 interioris'.
1355 850 1455 891 Erit
1487 850 1620 905 igitur
1659 852 1707 891 τὸ

148 923 278 964 κενόν
318 922 343 964 i.
370 936 408 976 q.
441 921 464 964 ὁ
497 919 646 978 ἀήρ3),
683 922 732 963 τὸ
771 924 922 963 κοῖλον
959 921 985 962 i.
1021 935 1058 975 q.
1089 920 1116 974 ἡ
1148 923 1291 962 κοιλία
1331 919 1401 976 (cf.
1432 921 1587 962 Bonitz
1627 921 1710 962 ind,

146 991 328 1035 Aristot.
361 993 445 1035 398
476 993 500 1034 b
529 992 581 1034 31
617 993 665 1034 τὸ
697 995 849 1034 κοῖλον
881 997 956 1045 τῆς
987 992 1169 1046 καρδίας
1201 990 1325 1047 sim).

264 1063 324 1105 Et
362 1063 492 1105 verba
529 1063 605 1104 illa
642 1062 920 1118 φθέγγεσθαι
959 1060 1007 1104 δὲ
1044 1069 1103 1119 τῷ
1138 1065 1272 1120 κοίλῳ
1310 1064 1580 1118 parenthesis
1614 1063 1708 1105 loco

143 1133 404 1189 interposita
430 1148 522 1175 esse
550 1134 646 1175 inde
673 1133 799 1176 facile
826 1133 1101 1189 intelligitur,
1133 1134 1245 1189 quod
1272 1134 1427 1176 A‘e‘tius
1454 1149 1540 1177 non
1567 1136 1706 1177 solum

141 1207 382 1247 ceterorum
423 1219 444 1246 6
490 1219 653 1246 conexu
695 1219 744 1246 ea
787 1204 964 1257 exemit,
1016 1205 1089 1246 sed
1134 1205 1265 1246 etiam
1311 1205 1374 1247 ita
1419 1206 1612 1260 loquitur
1659 1210 1707 1247 ut

143 1274 394 1318 Alcmaeoni
426 1274 531 1316 haec
565 1274 793 1316 tribuenda
825 1290 917 1316 esse
960 1289 1047 1316 non
1081 1275 1137 1316 sit
1170 1275 1451 1330 conspicuum
1485 1275 1601 1332 (ἠχεῖ
1629 1291 1707 1331 pro

139 1344 299 1403 ἠχεῖν),
339 1359 424 1400 qua
465 1346 515 1387 de
552 1359 680 1388 causa
712 1345 879 1388 Psellus
918 1344 987 1402 (de
1028 1346 1173 1387 omnis.
1208 1347 1340 1388 doctr.
1375 1348 1447 1401 sl,
1486 1347 1593 1389 Dox.
1622 1348 1708 1389 406

140 1417 300 1459 testim.
325 1415 462 1473 Plut.)
496 1417 622 1471 plane
656 1431 704 1458 ea
738 1416 894 1458 omisit.
946 1416 1142 1471 Denique
1175 1432 1227 1458 ne
1259 1432 1341 1459 vox
1375 1416 1427 1459 δέ
1455 1418 1598 1472 posita
1630 1432 1708 1472 pro

140 1488 222 1544 γάρ
264 1492 305 1530 te
351 1488 558 1542 offendat,
603 1488 655 1529 ad
694 1487 914 1530 Kuehneri
955 1488 1170 1540 Ausfiilerl.
1220 1487 1452 1530 Grammat.
1490 1490 1526 1530 d.
1561 1489 1709 1543 yre‘ecle.

138 1558 342 1614 Sprache³
375 1559 417 1601 Π
444 1560 470 1601 2
503 1573 599 1614 pag.
627 1560 712 1602 816
745 1557 790 1615 (ξ
817 1560 914 1614 532,
941 1558 988 1615 2)
1021 1562 1063 1600 te
1096 1559 1259 1615 delego.

261 1630 414 1686 Itaque
442 1645 492 1673 ea
517 1645 561 1672 re
589 1644 742 1672 sonum
769 1629 882 1672 effici
910 1630 1115 1671 Alcmaeo
1142 1632 1280 1685 putat,
1314 1631 1427 1685 quod
1459 1646 1532 1673 aer
1565 1634 1708 1673 motus

142 1702 186 1744 in
226 1716 350 1743 aures
389 1702 632 1756 irrumpens
673 1716 815 1743 aerem
854 1700 1072 1743 internum
1113 1704 1285 1742 moveat
1330 1700 1393 1743 ita
1434 1705 1483 1743 ut
1520 1702 1708 1757 undique

141 1776 318 1829 saeptus
351 1773 594 1814 vibratione
628 1775 811 1814 resonet.
868 1771 1000 1814 Vides
1034 1772 1209 1814 minime
1246 1787 1354 1827 opus
1388 1788 1480 1815 esse
1515 1773 1711 1829 Philipp—

142 1843 236 1886 soni
265 1842 311 1900 (l.
331 1843 357 1884 l.
385 1857 482 1899 pag.
507 1841 610 1899 107)
638 1845 886 1885 coniectura
913 1842 1074 1901 (κόχλῳ
1101 1857 1179 1898 pro
1206 1842 1378 1900 κοι’λῳ);
1410 1844 1543 1885 immo
1577 1844 1708 1885 simil-

144 1915 297 1957 limum
329 1914 410 1956 1106
442 1914 653 1970 placitum
686 1914 939 1956 Aristotelis
978 1915 1058 1956 hac
1096 1915 1146 1956 de
1185 1929 1229 1956 re
1269 1915 1479 1969 opinioni,
1518 1915 1560 1956 id
1595 1916 1709 1970 quod

140 2000 193 2028 ne
231 1986 323 2041 ipse
369 1985 541 2040 quidem
586 1986 828 2041 neglexisse
873 1985 1054 2027 videtur.
1117 1985 1202 2027 Pro
1248 1989 1366 2027 certo
1412 1986 1526 2027 enim
1570 1985 1708 2028 habeo

141 2058 285 2099 locum
318 2056 355 2098 d.
389 2071 455 2098 an.
487 2055 529 2097 II
557 2057 600 2111 8,
627 2056 713 2098 419
741 2057 768 2098 b
796 2058 864 2107 33,
898 2071 1025 2111 quem
1057 2059 1158 2111 post
1190 2056 1436 2098 Corsinium
1471 2056 1541 2112 (ad
1576 2056 1708 2112 Plut.)

140 2127 284 2182 Unna,
330 2127 658 2184 Philippsonus,
703 2126 916 2170 Sanderus
968 2128 1052 2170 huc
1097 2130 1292 2183 spectare
1344 2128 1562 2184 dixerunt,
1608 2129 1707 2170 Alc-

263 2282 296 2325 1)
322 2279 383 2315 Sic
410 2280 577 2315 membra
603 2278 780 2315 orationis
807 2278 1008 2323 distinguo.

260 2341 298 2385 2)
325 2339 378 2375 Cf.
407 2339 498 2374 Dox.
524 2338 632 2384 proll.
659 2349 744 2384 pag.
775 2342 842 2373 223
874 2340 996 2383 (τοῦτο
1029 2337 1099 2383 γὰρ
1132 2338 1236 2382 ἠχεῖν
1263 2337 1538 2385 [φθέγγεσθαι]
1574 2339 1638 2373 διὰ
1663 2339 1704 2375 τὸ

147 2400 287 2444 κοῖλον)
318 2401 358 2434 et
388 2399 513 2433 notam
541 2398 588 2432 ad
613 2409 698 2443 pag.
727 2402 813 2441 506,
840 2401 885 2432 23
911 2399 1033 2442 (τοῦτο
1062 2396 1132 2442 γὰρ
1158 2397 1274 2441 ἠχοῦν
1301 2396 1543 2442 φθέγγεσθαι
1576 2398 1640 2433 διὰ
1667 2399 1707 2434 τὸ

145 2461 299 2502 κοῖλον).
353 2457 536 2492 Sanderus
569 2455 635 2492 illa
661 2457 920 2492 emendatione
952 2459 1078 2502 spreta
1109 2456 1146 2490 in
1179 2457 1248 2491 hac
1281 2467 1319 2490 se
1345 2458 1578 2501 acquiescere
1606 2458 1707 2494 dicit..

147 2517 218 2552 Sed
245 2515 391 2552 etiamsi
417 2527 511 2561 quae
537 2515 677 2550 tradita
703 2517 789 2550 sunt
814 2515 886 2550 dici
913 2515 1119 2560 nequirent,
1145 2516 1270 2550 tamen
1293 2526 1363 2549 non
1386 2517 1595 2559 assentirer,
1623 2529 1705 2552 cum

145 2588 219 2611 non
248 2575 365 2611 solum
392 2574 508 2620 ἠχοῦν
542 2574 653 2609 verbo
681 2572 921 2619 φθέγγεσθαι
954 2574 1124 2610 additum
1156 2585 1469 2619 supervacaneum
1496 2577 1611 2617 esset,
1645 2576 1708 2610 sed

147 2636 260 2671 etiam
285 2634 606 2670 homoioteleuton
631 2633 737 2676 illud,
764 2633 861 2677 quod
882 2644 970 2668 casu
991 2634 1131 2669 factum
1152 2644 1230 2669 esse
1257 2633 1316 2668 vix
1337 2633 1568 2678 crediderim,
1595 2633 1708 2669 immo

146 2695 194 2730 ad
220 2694 426 2739 augendam
450 2692 695 2738 oppositionis
718 2692 791 2726 vim
820 2693 867 2727 ab
887 2692 967 2738 ipso
989 2692 1166 2737 scriptore
1189 2692 1395 2727 adhibitum
1418 2703 1498 2727 esse
1525 2693 1707 2728 contendo

677 2757 784 2786 τοῦτο
810 2751 880 2796 γὰρ
906 2751 1010 2796 ἠχεῖν

678 2811 741 2846 τὸν
768 2809 862 2854 ἀέρα
888 2809 925 2845 δ’
954 2811 1140 2855 ἀντηχεῖν,

146 2861 255 2906 plane
282 2859 476 2894 deleretur.

265 2921 301 2963 3)
329 2917 477 2954 Aristot.
499 2918 543 2954 de
564 2930 620 2954 an.
640 2916 821 2962 118,419b
836 2921 880 2952 33
895 2918 955 2962 (cf.
978 2919 1012 2953 h.
1033 2918 1120 2952 diss
1143 2930 1226 2963 pag.
1249 2922 1308 2961 42)
1329 2918 1369 2953 τὸ
1390 2916 1430 2953 δὲ
1453 2918 1563 2953 κενὸν
1584 2918 1708 2963 ὀρθῶς

146 2978 290 3025 λέγεται
316 2978 445 3024 κύριον
471 2983 536 3013 τοῦ
562 2977 731 3013 ἀκούειν·
759 2979 869 3013 δοκεῖ
887 2977 957 3023 γὰρ
985 2975 1083 3013 εἶναι
1109 2978 1219 3013 κενὸν
1246 2977 1265 3012 ὁ
1291 2976 1375 3022 ἀήρ.
