2125 3439
795 244 1080 284 -27—

162 350 382 392 dicemus?
435 348 548 391 Nam
580 349 744 391 ionicos
779 349 966 390 medicos
998 348 1079 389 hoc
1111 348 1258 389 libello
1292 347 1460 402 saepius
1494 363 1593 389 usos
1626 362 1718 388 esse

163 435 262 462 mox
296 420 544 462 videbimus.
592 421 658 460 An
685 418 836 460 ionicis
858 419 1131 460 Alcmaeonis
1162 419 1315 472 verbis,
1350 433 1445 460 cum
1473 419 1717 460 doricorum

163 490 459 534 Crotoniensis
503 489 675 531 scholae
721 489 984 530 medicorum
1030 490 1227 531 manibus
1276 504 1410 544 usque
1457 493 1716 532 tractaretur

162 561 345 614 libellus,
378 561 545 602 doricas
577 559 738 601 formas
771 559 1044 600 intermixtas
1078 574 1169 600 esse
1203 561 1406 614 putabis?

279 642 414 692 Quam
458 643 509 684 ad
556 642 851 696 quaestionem
897 642 1219 695 disceptandam
1265 657 1285 682 e
1324 657 1367 682 re
1413 657 1503 683 csse
1550 642 1717 683 videtui·

161 728 383 768 quaerere,
421 728 607 768 quanam
640 713 823 754 dialecto
857 712 988 754 ceteri
1020 711 1193 753 illarum
1226 713 1450 767 regionum
1486 713 1716 766 scriptores

159 784 230 839 qui
258 799 463 839 proversa
490 784 684 825 oratione
712 784 775 825 usi
800 786 900 824 sunt
926 783 1059 824 libros
1081 782 1429 837 conscripserint.
1481 782 1717 823 Audiamus

157 855 443 897 Iamblichum
471 854 527 911 (v.
554 854 680 910 Pyth.
707 853 830 910 241):
864 855 1166 908 Μητρόδωρος,
1199 853 1220 896 ὁ
1251 853 1429 907 Θύρσου
1455 860 1533 894 τοῦ
1559 855 1719 906 πατρὸθἱ

153 924 419 981 Ἐπιχάρμου
457 925 528 967 καὶ
560 932 635 980 τῆς
667 925 838 967 ἐκείνου
872 925 1156 974 διδασκαλίας
1194 926 1245 966 τὰ
1276 926 1458 966 πλείονα
1497 925 1605 976 πρὸς
1641 924 1719 977 τὴν

159 998 356 1051 ἰατρικὴν
388 996 644 1051 μετενέγκας
676 996 964 1051 ἐξηγούμενος
997 997 1098 1044 τοὺς
1124 1001 1202 1036 τοῦ
1228 997 1389 1048 πατρὸς
1421 997 1580 1048 λόγους
1612 996 1720 1049 πρὸς

157 1069 234 1110 τὸν
266 1067 461 1121 ἀδελφόν
493 1079 602 1122 φησι
634 1069 711 1109 τὸν
740 1065 1003 1121 Ἐπίχαρμον
1042 1065 1113 1108 καὶ
1145 1068 1228 1120 πρὸ
1262 1067 1420 1108 τούτου
1452 1067 1529 1107 τὸν
1563 1069 1718 1107 Πυθα-

158 1140 296 1192 γόραν
312 1138 352 1193 [3
379 1139 429 1180 cf.
458 1138 595 1180 Zeller
621 1137 665 1179 Ι4
693 1139 789 1192 266,
814 1137 856 1192 1]
884 1145 971 1179 τῶν
999 1136 1238 1179 διαλέκτων
1265 1136 1446 1191 ἀρίστην
1480 1137 1720 1191 λαμβάνειν

156 1209 236 1262 τὴν
262 1209 457 1262 Δωρίδα.
509 1209 756 1250 Metrodoro
790 1212 934 1250 autem
968 1224 1011 1250 se
1039 1208 1299 1263 applicuisse
1332 1208 1503 1249 videtur
1536 1212 1578 1249 et
1603 1208 1718 1250 Acro

161 1278 330 1322 Siculae
364 1280 534 1322 scholae
568 1279 756 1321 medicus
769 1278 799 1334 l)
840 1282 882 1320 et
916 1279 1137 1321 Philolaus
1170 1279 1455 1334 philosophus
1496 1280 1616 1322 cuius
1650 1296 1719 1322 cx-

160 1354 278 1392 stant
311 1351 566 1407 fragmenta.
617 1350 775 1392 Tamen
809 1349 1036 1405 plerosque
1068 1349 1366 1406 Pythagoreos
1399 1366 1476 1392 sua
1509 1366 1720 1406 quemque

159 1421 344 1464 dialecto
391 1421 615 1476 scripsisse
662 1421 772 1462 idem
818 1421 952 1462 tradit
995 1420 1304 1477 Iamblichus2)
1349 1436 1484 1475 neque
1531 1422 1620 1463 scio
1668 1437 1720 1463 an

160 1493 363 1535 Alcmaeo
410 1493 536 1534 aliter
578 1493 647 1534 his
693 1492 742 1533 de
787 1493 914 1533 rebus
961 1492 1152 1548 cogitare
1198 1492 1390 1547 potuerit
1436 1495 1564 1547 atque
1606 1493 1721 1535 Acro

161 1563 342 1606 Siculus.
403 1563 517 1605 Nam
551 1563 904 1605 Crotoniatarum
937 1563 1086 1606 schola
1118 1564 1283 1605 medica
1315 1563 1460 1618 paullo
1494 1567 1592 1605 ante
1629 1565 1721 1606 Alc-

161 1636 353 1678 maeonis
394 1637 580 1677 aetatem
619 1635 793 1676 condita
825 1649 917 1676 esse
951 1635 1118 1676 videtur
1157 1650 1180 1676 a
1214 1634 1377 1676 Cnidiis
1418 1635 1610 1690 medicis,
1650 1637 1720 1690 qui

160 1707 264 1762 quin
295 1707 438 1749 ionico
471 1721 666 1748 sermone
699 1705 766 1748 usi
799 1707 886 1747 sint
920 1705 1108 1747 dubitari
1140 1706 1302 1760 nequit.

277 1789 507 1832 Praeterea
527 1790 747 1831 videamus
769 1789 922 1844 ecquid
942 1804 1020 1831 nos
1040 1788 1188 1831 iuvent
1216 1803 1323 1843 quae
1351 1804 1372 1830 c
1399 1790 1552 1845 fragm.
1575 1790 1675 1831 XVI
1689 1790 1721 1846 3)

161 1861 301 1916 promi
339 1863 522 1915 possunt
561 1861 690 1902 verba
721 1860 1007 1902 Alcmaeonis.
1064 1860 1123 1902 Et
1161 1858 1424 1915 ἀναχάσκειν
1464 1860 1635 1915 quidem
1675 1865 1723 1902 ut

160 1932 418 1987 antiquioris
445 1931 655 1974 sermonis
683 1946 775 1973 esse
803 1934 981 1987 apparet
1001 1929 1073 1987 (cf.
1095 1932 1146 1973 ad
1167 1931 1319 1986 fragm.
1340 1930 1476 1988 XVI),
1504 1933 1565 1973 ita
1594 1933 1721 1974 ionici

159 2006 328 2045 tantum
362 2003 494 2045 fuisse
527 2017 612 2044 non
647 2005 827 2044 constat.
889 2002 981 2043 Iam
1014 2003 1064 2043 de
1098 2017 1199 2044 voce
1231 2004 1347 2057 θορή
1380 2018 1465 2044 non
1494 2003 1721 2045 mediocris

160 2074 450 2117 contentionis
479 2074 674 2129 quaestio
703 2077 778 2115 est.
833 2073 971 2123 Quam
998 2087 1145 2114 vocem
1172 2073 1348 2115 minime
1375 2089 1469 2115 essc
1500 2074 1721 2130 vulgarem

159 2137 366 2200 ostendit,
399 2145 435 2186 si
467 2145 702 2201 genuinum
734 2147 818 2201 est,
855 2143 1079 2186 Plutarchi
1112 2145 1544 2200 interpretamentum
1577 2145 1599 2186 ὅ
1633 2145 1721 2187 ἑστι

160 2216 402 2271 σπέρματος
441 2215 567 2272 (post
603 2214 787 2272 θορῆς),
826 2216 861 2257 si
900 2215 1041 2257 minus
1083 2215 1234 2257 Galeni
1277 2231 1396 2258 error
1428 2217 1562 2258 mirus
1602 2217 1722 2276 (σαρ-

158 2287 265 2342 κός).
329 2287 479 2329 Oritur
511 2287 646 2343 igitur
678 2287 865 2341 suspicio
900 2290 948 2327 ut
978 2286 1240 2342 ἀναχάσκειν
1273 2287 1335 2328 ita
1366 2291 1507 2341 θορῆς
1532 2288 1722 2342 glossam

284 2487 315 2530 1)
342 2485 473 2521 Suidas
500 2497 525 2519 S.
547 2497 600 2520 v.:
628 2484 767 2530 ἔγραψε
795 2485 880 2530 περὶ
907 2485 1073 2530 ἰατρικῆς
1099 2487 1226 2530 δωρίδι
1257 2484 1446 2532 διαλέκτῳ.

280 2559 314 2600 2)
340 2556 468 2591 Iambl.
493 2556 514 2591 l.
537 2557 575 2590 ].:
605 2555 746 2601 λέγεται,
767 2558 894 2591 τοίνυν
921 2557 968 2597 ὡς
989 2562 1096 2602 φωνῇ
1123 2560 1285 2602 χρῆσθαι
1312 2562 1355 2602 τῇ
1375 2555 1529 2603 πατρῴα
1557 2553 1719 2597 ἑκάστοις

162 2616 415 2661 παρήγγελλον
442 2613 517 2649 ὅσοι
547 2621 618 2650 τῶν
639 2614 826 2658 “Ελλη’νων
852 2619 1068 2660 προσῆλθον
1095 2617 1186 2661 πρὸς
1212 2617 1278 2660 τὴν
1306 2618 1507 2651 κοινωνίαν
1535 2617 1682 2661 ταύτην.

280 2688 315 2730 3)
343 2686 438 2721 l'lut.
460 2686 556 2731 Epit.
573 2686 604 2720 V
622 2690 703 2729 14‚1
729 2688 786 2729 (=
812 2687 898 2721 Dox.
921 2690 989 2721 424
1010 2699 1030 2721 a
1051 2689 1124 2731 30):
1146 2684 1342 2732 Ἀλκμαίων
1362 2693 1433 2721 τῶν
1458 2686 1618 2732 ἡμιόνων
1640 2689 1725 2728 τοὺς

162 2745 230 2791 μὲν
257 2746 417 2790 ἄρρενας
442 2745 602 2791 ἀγόνους
627 2745 728 2791 παρὰ
754 2746 821 2790 τὴν
849 2744 1049 2790 λεπτότητα
1076 2751 1139 2790 τῆς
1164 2748 1284 2791 θορῆς
1310 2746 1373 2780 καὶ
1403 2746 1631 2791 ψυχρότητα·
1660 2747 1724 2787 τὰς

162 2804 201 2840 δὲ
230 2806 387 2850 θηλείας
413 2805 514 2849 παρὰ
540 2805 580 2839 τὸ
606 2805 655 2850 μὴ
679 2804 948 2850 ’ἁναχιίσκειν’
978 2805 1043 2846 τὰς
1062 2805 1215 2850 μήτρας
1246 2804 1339 2840 οὕτω
1366 2805 1436 2851 γὰρ
1457 2806 1567 2847 αὐτὸς
1588 2806 1722 2851 εἴρηκε.

161 2866 323 2900 Galenus
349 2865 456 2909 (Dox.
485 2869 570 2908 643,
598 2868 632 2910 9)
659 2865 773 2906 idem,
806 2865 876 2899 nisi
902 2865 999 2909 quod
1026 2876 1092 2909 pro
1119 2864 1347 2909 ἀναχάσκειν
1374 2864 1466 2899 dicit
1493 2866 1724 2901 ἀνακύπτειν

164 2929 202 2959 et
234 2935 299 2969 pro
331 2926 451 2969 θορῆς
482 2923 633 2960 exhibet
666 2923 818 2968 σαρκός,
850 2923 994 2959 omissis
1021 2923 1195 2959 extremis
1230 2924 1350 2959 verbis
1384 2923 1478 2960 οὕτω
1511 2924 1580 2970 γὰρ
1613 2925 1724 2966 αὐτὸς

163 2985 298 3027 εἴρηκε.
