2125 3439
1043 219 1334 260 „60-

415 329 478 372 ἐπ’
517 329 729 377 ἀνατολὰς
761 325 1087 382 ἀντιφέρεσθαι.
1145 324 1264 365 Idem
1296 322 1508 365 Eusebius
1547 321 1710 378 (praep.
1743 337 1805 365 ev.
1834 322 1914 366 XV
1941 323 1969 365 4

415 415 510 455 pag.
539 400 620 440 847
650 398 708 453 A)
742 413 791 439 ex
825 396 1070 449 Plutarcho,
1102 395 1141 436 h.
1170 409 1202 436 e.
1235 393 1376 436 Aetio.

530 469 785 511 Stobaeus
823 467 923 509 Ecl.
962 467 1101 521 phys.
1136 465 1154 506 I
1188 466 1245 507 25
1280 463 1419 521 (Dox.
1453 464 1538 507 352
1571 465 1598 506 b
1629 464 1674 520 8)
1709 479 1765 506 ex
1797 464 1969 507 Ae'tio:

409 539 651 595 Ἀλκμαίων
683 540 850 580 πλατὺν
884 534 997 580 εἶναι
1029 537 1105 578 τὸν
1136 536 1278 591 ἥλιον.

530 622 780 664 Stobaeus
813 620 915 662 Ecl.
947 619 1087 674 phys.
1119 618 1140 660 I
1173 619 1228 661 26
1261 617 1399 674 (Dox.
1433 619 1519 662 359
1546 619 1573 660 b
1603 617 1676 674 17)
1708 633 1764 660 ex
1800 618 1971 660 Aetio:

406 692 645 747 Ἀλκμαίων
684 691 964 746 “Ηράκλειτος
1001 688 1221 744 Ἀντιφῶν
1269 690 1376 731 κατὰ
1425 690 1505 744 τὴν
1555 695 1634 731 τοῦ
1678 690 1970 745 σκαφοειδοῦς

410 765 604 819 στροφὴν
646 762 716 804 καὶ
749 763 822 812 τὰς
853 762 1115 816 περικλίσεις
1148 759 1352 817 (σελήνης
1385 762 1581 810 ἔκλειψιν
1613 759 1878 816 γίγνεσθαι).
1913 785 1967 789 -

530 846 611 887 vix
643 848 708 887 est
741 845 853 900 quod
879 858 1083 901 >moneam
1120 843 1232 885 hanc
1272 843 1497 885 stellarum
1533 842 1835 885 aeternitatem
1867 857 1969 885 non-

410 917 490 958 nisi
525 917 576 958 ad
608 916 742 958 futuri
775 914 981 969 temporis
1012 913 1276 955 infinitatem
1309 917 1515 969 spectare.
1573 915 1614 954 Γ
1611 916 1823 967 ενόμενον
1854 913 1969 955 enim

411 985 681 1042 (Aristotelis
710 985 850 1028 verbis
883 988 984 1026 utor
1010 985 1060 1026 de
1088 984 1206 1026 caelo
1232 982 1252 1025 I
1280 985 1347 1039 10,
1374 985 1458 1026 279
1485 984 1512 1025 b
1544 982 1616 1041 12)
1644 985 1830 1034 ἅπαντες
1855 981 1973 1026 εἷναί

408 1068 513 1111 φασι
533 1058 610 1098 τὸν
631 1056 839 1110 οὐρανόν,
865 1054 975 1097 ἀλλὰ
1001 1057 1243 1110 γενόμενον
1265 1051 1406 1109 οἱμὲν
1427 1053 1589 1109 ἀΐδιον,
1621 1055 1667 1097 οἱ
1684 1052 1731 1096 δὲ
1751 1056 1967 1110 φθαρτόν.

525 1127 616 1168 Iam
655 1141 750 1168 cum
790 1126 1062 1168 aeternitatis
1101 1126 1337 1181 imaginem
1375 1125 1584 1168 circulum
1623 1125 1661 1168 ei
1700 1126 1842 1168 visum
1874 1140 1967 1168 esse

408 1214 428 1239 e
456 1197 536 1253 frg.
558 1197 616 1238 XI
643 1197 839 1239 concludi
870 1197 1022 1252 possit,
1054 1197 1098 1238 in
1125 1197 1273 1238 orbem
1300 1196 1449 1238 stellas
1477 1196 1744 1239 circumferri
1771 1197 1967 1239 docuisse

407 1283 502 1310 eum
536 1271 718 1310 constat.
770 1268 920 1323 Itaque
946 1283 1058 1310 nova
1085 1267 1255 1310 exsistit
1288 1266 1482 1323 quaestio
1516 1268 1618 1323 quid
1644 1267 1689 1309 in
1715 1267 1855 1310 medio
1885 1267 1967 1310 hoc

407 1339 564 1381 circulo
592 1342 705 1380 stare
733 1338 899 1380 dixerit.
951 1340 1015 1381 Ac
1042 1338 1231 1381 Zellerus
1264 1338 1436 1394 quidem
1469 1338 1582 1381 circa
1607 1339 1751 1395 ignem
1778 1338 1968 1381 medium

408 1410 548 1451 sidera
580 1410 681 1452 ferri
713 1413 850 1464 putat.
914 1408 996 1452 Sed
1031 1410 1104 1465 qui
1135 1409 1512 1465 Pythagoreorum
1550 1410 1599 1451 de
1633 1409 1771 1451 stellis
1812 1409 1967 1451 doctri-

407 1496 506 1522 nam
548 1481 848 1522 Alcmaeonem
889 1481 1134 1535 professum
1173 1495 1265 1522 esse
1306 1480 1458 1535 credit,
1497 1479 1743 1522 meminerit
1781 1483 1967 1536 oportet,

406 1551 718 1605 antiquissimis
764 1551 887 1593 illum
926 1551 1215 1607 Pythagoreis
1257 1551 1480 1606 aequalem
1519 1550 1662 1593 fuisse.
1725 1550 1784 1593 Hi
1823 1554 1967 1594 autem

411 1622 489 1676 ipsi
524 1625 599 1663 aut
631 1622 819 1664 Philolai
853 1623 902 1664 de
935 1623 1094 1664 mundo
1128 1622 1369 1664 doctrinam
1402 1637 1489 1664 non
1521 1621 1607 1664 iam
1639 1621 1823 1677 professi
1855 1626 1968 1678 sunt,

407 1707 509 1748 ergo
555 1708 606 1734 ne
645 1692 851 1735 Alcmaeo
898 1693 1089 1748 quidem3
1134 1696 1210 1735 aut
1253 1693 1439 1748 professi
1483 1696 1584 1745 sunt
1628 1692 1966 1748 Alcmaeonique

407 1769 728 1818 persuaserunt:
763 1765 848 1806 iarn
875 1765 1080 1818 quidnam
1107 1779 1258 1806 causae
1284 1765 1380 1819 fuit,
1408 1779 1482 1806 cur
1507 1780 1531 1805 a
1557 1764 1764 1819 primario
1791 1764 1962 1806 illorum

407 1835 563 1888 placito
576 1834 607 1890 ¹)
642 1835 841 1877 recedens
875 1850 971 1883 cum
1000 1835 1174 1890 propria
1201 1835 1335 1877 solem
1368 1836 1434 1877 vel
1462 1836 1609 1877 lunam
1635 1836 1728 1878 luce
1755 1835 1966 1878 illustrari

406 1905 476 1946 ille
512 1905 638 1947 vellet
670 1908 761 1947 tum
796 1906 1078 1960 sphaerarum
1111 1907 1308 1948 doctrina
1345 1907 1471 1961 plane
1510 1907 1709 1962 neglecta
1739 1906 1866 1949 lunae
1899 1907 1966 1949 de-

408 1976 542 2018 fectus
576 1992 747 2018 causam
785 1992 872 2019 non
909 1977 1006 2018 inde
1045 1980 1230 2032 peteret,
1269 1978 1382 2032 quod
1421 1978 1725 2020 obscuraretur
1764 1993 1789 2019 a
1827 1979 1964 2021 sidere

406 2048 590 2100 quodam
635 2050 964 2102 praetereunte?
1028 2049 1180 2103 Itaque
1227 2048 1423 2103 equidem
1474 2049 1562 2090 veri
1607 2049 1734 2105 longe
1780 2049 1964 2092 similius

405 2132 496 2158 esse
530 2118 708 2159 dixerim
743 2119 1048 2160 Alcmaeonem
1083 2122 1196 2162 certe
1230 2134 1315 2161 non
1345 2120 1510 2176 ignem,
1548 2135 1695 2162 verum
1730 2123 1888 2163 terram
1921 2122 1964 2164 in

408 2189 544 2230 medio
585 2190 740 2230 mundo
781 2190 987 2244 posuisse.
1050 2189 1188 2239 Quam
1234 2191 1347 2232 circa
1391 2191 1540 2233 stellas
1585 2190 1768 2234 circulos
1813 2192 1965 2235 ducere

406 2259 558 2313 voluit,
603 2260 664 2301 ita
702 2263 846 2302 tamen
890 2263 939 2302 ut
983 2261 1180 2315 planetae
1219 2262 1436 2303 contraria
1480 2262 1550 2303 via
1594 2262 1748 2304 ceteris
1793 2263 1964 2305 obviam

406 2332 526 2371 irent.
590 2330 721 2372 Cuius
755 2332 975 2373 doctrinae
1008 2347 1138 2374 causa
1174 2333 1269 2374 inde
1303 2333 1487 2387 petenda
1519 2347 1610 2375 esse
1644 2333 1751 2375 mihi
1783 2334 1963 2390 videtur,

405 2402 513 2454 quod
555 2416 651 2443 cum
690 2402 854 2456 primus
897 2405 1107 2457 quantum
1146 2403 1304 2445 scimus
1344 2404 1541 2458 planetas
1587 2403 1803 2446 interdum
1846 2407 1961 2447 retro

406 2472 503 2512 ferri
537 2473 672 2514 solere
707 2473 1100 2529 animadvertisset,
1140 2488 1307 2528 semper
1346 2474 1408 2516 ita
1440 2475 1533 2516 fieri
1572 2474 1809 2530 improvide
1844 2490 1961 2518 more

405 2543 677 2596 :nitiquorum
712 2545 944 2586 contendit.

522 2614 632 2655 Solis
666 2614 850 2656 formam
883 2615 1055 2669 planam
1083 2631 1188 2671 esse,
1219 2617 1364 2657 lunam
1397 2616 1580 2671 scaphae
1607 2617 1842 2673 imaginem
1869 2618 1962 2659 imi-

407 2684 485 2723 tari
526 2685 718 2726 docuisse
759 2686 904 2727 fertur.
969 2686 1089 2735 Quod
1131 2687 1220 2729 iure
1260 2688 1438 2729 mireris.
1503 2687 1652 2742 Neque
1696 2688 1809 2730 enim
1848 2689 1961 2731 ullus

407 2758 610 2806 quantuni
650 2756 770 2796 video
804 2757 1087 2812 philosophus
1127 2758 1256 2799 aliam
1296 2759 1396 2813 soli,
1442 2758 1571 2800 aliam
1610 2759 1735 2800 lunae
1776 2759 1960 2801 formam

408 2824 569 2865 tribuit.
633 2826 790 2867 'l‘annvn
824 2828 873 2868 dc
907 2829 995 2869 sole
1036 2829 1213 2870 eandem
1254 2829 1370 2871 orbis
1410 2830 1595 2884 speciem
1634 2844 1803 2885 semper
1839 2845 1960 2885 prae-

529 2957 555 2983 l*
588 2953 702 2986 Zullcr
731 2953 866 2996 1⁵·-120,
893 2960 903 2988 1
931 2957 1005 2997 Ιίιι.;
1034 2960 1111 2998 425,
1133 2961 1163 2990 ⁴2.
