2125 3439
745 245 1034 285 -59-

111 366 192 407 que
224 352 337 394 idem
364 366 456 394 esse
486 353 654 394 statuit.
704 351 795 392 Iam
822 351 1083 393 Aristoteles
1111 351 1420 406 Empedoclem
1454 351 1670 408 cogitandi

111 423 326 465 actionem
361 424 609 477 σωματικόν
641 437 681 462 τι
719 422 865 476 ὥσπερ
904 423 953 464 τὸ
992 422 1288 464 αἰσθάνεσθαι
1325 426 1500 477 putasse
1540 422 1673 464 tradit

110 492 180 549 (de
212 508 277 535 an.
310 493 372 534 III
406 494 451 546 3,
483 492 567 533 427
603 507 626 533 a
659 490 754 546 26);
795 492 904 532 unde
941 493 1243 534 Alcmaeonem
1275 494 1472 548 posuisse
1503 497 1672 535 contra-

109 565 241 620 rium,
284 564 324 605 h.
358 578 392 605 e.
432 563 621 604 animam
661 561 893 616 ἀσώματον
939 577 1050 615 esse,
1095 564 1290 605 concludi
1329 579 1455 619 posse
1496 564 1671 605 videtur.

109 635 271 676 Tamen
297 633 494 688 equidem
520 631 766 688 Gomperzii
795 631 840 688 (l.
862 632 888 673 l.
920 632 1020 688 122)
1048 648 1072 674 a
1098 634 1296 687 partibus
1323 638 1402 689 sto,
1430 635 1502 689 qui
1529 635 1672 676 nescio

107 719 193 760 qua
229 720 280 746 ex
313 704 495 746 materia
534 703 722 745 animam
763 706 960 745 constare
1002 717 1098 745 cum
1138 719 1159 745 e
1193 705 1417 746 stellarum
1456 720 1672 759 compara-

109 776 226 817 tione
253 773 315 831 (id
343 775 456 830 quod
482 775 543 815 nil
571 773 722 830 refert)
748 777 841 815 tum
874 775 971 816 inde
1000 775 1182 830 colligit,
1215 776 1327 829 quod
1355 775 1415 816 nil
1442 777 1526 817 nisi
1560 777 1671 830 quod

107 846 313 888 materiae
345 846 562 901 particeps
595 845 653 887 sit
686 845 847 888 circulo
881 846 1044 887 moveri
1073 848 1212 900 queat.
1264 845 1377 887 Nam
1411 861 1670 900 quamquam

107 921 257 959 contra
290 916 594 972 Gomperzium
627 917 766 959 facere
800 917 969 959 videtur
1002 916 1128 958 Plato
1171 917 1243 972 qui
1281 917 1470 958 animam
1508 921 1551 958 et
1585 932 1672 959 cor-

107 1003 211 1043 pore
239 1003 390 1030 vacare
424 992 467 1030 et
493 988 740 1043 ἆεικίνητον
768 1003 860 1030 esse
888 989 1024 1043 docet,
1057 991 1202 1029 tamen
1230 988 1352 1029 valde
1382 1004 1446 1030 me
1474 989 1670 1030 dubitare

106 1059 333 1114 profiteor,
377 1074 479 1101 num
526 1059 626 1101 talis
672 1059 842 1114 qualem
881 1059 1156 1101 Alcmaeonis
1199 1057 1403 1100 Rohdeus
1450 1059 1577 1115 fingit
1621 1060 1671 1101 de

107 1129 252 1172 anima
285 1131 430 1186 opinio
465 1136 563 1172 ante
596 1130 824 1172 Platonem
859 1131 970 1185 apud
1005 1129 1191 1172 Graecos
1225 1131 1454 1185 exstiterit,
1490 1146 1586 1173 cum
1619 1146 1670 1172 ne

108 1202 393 1257 Anaxagorae
426 1202 598 1256 quidem
625 1209 730 1251 νοῦς
757 1202 961 1243 materiae
994 1201 1120 1256 plane
1147 1216 1297 1256 expers
1325 1202 1393 1243 sit.
1444 1202 1672 1244 Praeterea

106 1272 250 1314 nescio
284 1287 337 1314 an
365 1272 690 1326 Theophrastus
723 1287 810 1314 non
837 1273 977 1314 solum
1010 1275 1257 1327 σωματικόν
1284 1290 1323 1314 τι
1356 1276 1404 1315 ut
1430 1288 1581 1315 sensus
1610 1274 1671 1315 ita

107 1344 332 1397 rationem,
365 1343 437 1385 sed
471 1343 558 1385 fere
591 1343 703 1385 idem
738 1358 787 1385 ea
814 1358 906 1385 esse
933 1344 1241 1399 Empedoclem
1272 1348 1449 1399 putasse
1482 1345 1670 1400 inique¹)

107 1414 359 1458 iudicaverit
389 1414 460 1471 (cf.
487 1413 595 1456 Dox.
622 1414 720 1468 502,
744 1414 920 1471 7—13).
966 1415 1116 1469 Itaque
1145 1430 1295 1457 vereor
1320 1431 1372 1457 ne
1400 1416 1445 1457 in
1471 1416 1551 1457 hac
1572 1416 1669 1458 Alc-

105 1486 298 1528 maeonis
325 1489 455 1541 atque
482 1485 758 1541 Empedoclis
787 1486 1109 1542 comparatione
1144 1487 1193 1528 de
1223 1501 1472 1541 corporea
1500 1489 1670 1528 tantum

107 1557 326 1614 cogitandi
357 1561 515 1599 natura
546 1572 632 1599 non
665 1557 924 1614 cogitaverit
955 1557 1302 1613 Theophrastus,
1338 1557 1411 1599 sed
1443 1561 1492 1599 ut
1525 1573 1670 1599 revera

105 1644 256 1671 sensus
297 1629 594 1683 rationemque
638 1643 725 1670 non
770 1629 937 1684 origine
983 1629 1143 1683 solum,
1185 1629 1259 1671 sed
1302 1632 1455 1670 natura
1499 1643 1669 1683 quoque

105 1716 239 1743 unum
271 1701 470 1755 idemque
504 1702 730 1754 putantem
762 1700 1070 1755 Empedoclem
1103 1700 1356 1743 Alcmaeoni
1391 1703 1592 1755 opponat.

757 1850 932 1894 Fragm.
965 1850 1018 1885 X.

226 1938 444 1981 Aristot.
483 1938 538 1979 de
578 1953 648 1980 an.
688 1937 707 1978 I
741 1939 784 1992 2,
816 1938 902 1979 405
936 1953 960 1979 a
992 1938 1065 1979 29:
1110 1942 1333 1980 κινεῖσθαι
1377 1939 1459 1992 γὰρ
1505 1937 1576 1980 καὶ
1618 1939 1669 1980 τὰ

104 2015 207 2052 θεῖα
238 2010 379 2052 πάντα
412 2016 605 2064 συνεχῶς
636 2008 716 2063 ἀεί,
749 2011 953 2064 σελήνην,
984 2009 1126 2063 ἥλιον,
1159 2012 1261 2059 τοὺς
1287 2008 1469 2064 ἀστέρας
1494 2008 1564 2051 καὶ
1592 2010 1669 2051 τὸν

105 2082 297 2136 οὐρανὸν
330 2081 447 2122 ὅλον.

224 2152 463 2194 Laertius
497 2151 638 2207 Diog.
673 2151 782 2192 VIII
816 2153 889 2193 83:
934 2153 1015 2206 ἔφη
1061 2149 1109 2193 δὲ
1146 2151 1218 2193 καὶ
1256 2153 1335 2206 τὴν
1373 2153 1520 2207 ψυχὴν
1559 2151 1669 2193 ἀθά-

105 2239 239 2266 νατον
273 2221 343 2265 καὶ
369 2227 594 2265 κινεῖσθαι
620 2223 757 2277 αὐτὴν
784 2230 978 2277 συνεχῶς
1003 2223 1060 2272 ὡς
1085 2224 1162 2265 τὸν
1188 2224 1316 2277 ἥλιον
1343 2221 1413 2264 καὶ
1439 2224 1518 2276 τὴν
1546 2224 1669 2276 σελή-
1703 2264 1706 2270 ,

107 2311 204 2349 νην,
230 2292 301 2336 καὶ
328 2294 434 2335 ὅλον
460 2295 538 2336 τὸν
565 2294 759 2348 οὐρανὸν
780 2293 860 2349 [sic
884 2293 1085 2348 Zellerus‚
1111 2294 1212 2335 libri
1233 2296 1424 2348 σελήνην
1449 2294 1667 2347 καθόλου]

105 2366 268 2419 ταύτην
301 2367 416 2420 ἔχειν
448 2364 593 2406 ἀΐδιον
625 2366 775 2419 φύσιν.
787 2364 820 2421 2)

227 2435 407 2478 Aetius
434 2435 564 2477 Plac.
592 2435 634 2476 II
661 2438 723 2490 16,
745 2438 781 2477 2.
804 2437 829 2478 3
858 2434 997 2492 (Dox.
1018 2437 1104 2479 345
1126 2451 1150 2478 a
1174 2438 1239 2490 19,
1261 2437 1286 2478 b
1310 2437 1402 2491 22);
1424 2435 1668 2490 Ἀλκμαίων

107 2506 179 2550 καὶ
212 2508 257 2549 οἵ
280 2505 577 2561 μαθηματικοὶ
609 2508 711 2556 τοὺς
736 2506 959 2562 πλάνητας
989 2515 1080 2557 τοῖς
1105 2507 1345 2550 ἀπλανέσιν
1378 2507 1461 2549 ἀπὸ
1489 2509 1670 2561 ὸυσμῶν

227 2638 263 2681 1)
288 2635 346 2670 Ita
371 2635 519 2680 saepius
546 2634 767 2670 Aristoteles
796 2646 959 2680 quoque:
993 2635 1122 2671 Rohde
1148 2637 1171 2671 1.
1199 2636 1222 2670 l.
1251 2640 1336 2680 469,
1366 2642 1380 2671 1
1411 2638 1518 2680 extr.;
1553 2636 1671 2670 Zeller

105 2696 145 2730 1⁵
166 2699 245 2739 727,
268 2700 296 2730 1.

225 2756 261 2799 2)
289 2753 348 2789 Sic
369 2754 483 2788 verba
503 2754 689 2789 continno.
722 2753 817 2788 Nam
839 2753 997 2789 disiecta
1017 2755 1113 2799 apud
1133 2755 1321 2790 La'crtinm
1343 2755 1458 2790 latere
1480 2754 1670 2799 scriptoris

107 2813 273 2849 membra
304 2813 414 2848 docet
449 2824 557 2857 quem
593 2814 704 2848 modo
740 2814 849 2848 attuli
887 2814 987 2849 locus
1021 2814 1289 2849 Aristotelicus.
1343 2814 1524 2849 Videntur
1557 2814 1670 2858 igitur

106 2884 200 2918 quae
226 2873 378 2908 alterius
403 2872 537 2918 capitis
570 2873 720 2907 fuerunt
757 2873 870 2908 verba.
896 2877 1060 2908 extrema
1092 2885 1114 2907 a
1141 2873 1301 2909 librariis
1334 2874 1492 2919 primum
1519 2872 1668 2914 omissa,

108 2935 187 2967 tum
216 2931 366 2967 exeunti
393 2931 506 2976 capiti
541 2931 653 2976 priori
686 2931 721 2966 in
750 2933 915 2977 margine
950 2934 1042 2967 falso
1069 2933 1272 2978 adscripta,
1305 2933 1437 2968 deinde
1463 2933 1500 2967 in
1527 2935 1666 2967 textum

107 2993 259 3036 recepta
285 3001 375 3025 esse.
430 2991 477 3025 Ut
503 3002 598 3025 nunc
626 2991 810 3036 leguntur,
838 2992 1104 3026 sententiarum
1131 2993 1297 3028 ordinem
1323 2993 1483 3028 turbant.
