<?xml version="1.0" encoding="UTF-8"?>
<!DOCTYPE html PUBLIC "-//W3C//DTD XHTML 1.0 Transitional//EN"
    "http://www.w3.org/TR/xhtml1/DTD/xhtml1-transitional.dtd">
<html xmlns="http://www.w3.org/1999/xhtml" xml:lang="en" lang="en">
 <head>
  <title>
</title>
<meta http-equiv="Content-Type" content="text/html;charset=utf-8" />
  <meta name='ocr-system' content='tesseract 3.04.00' />
  <meta name='ocr-capabilities' content='ocr_page ocr_carea ocr_par ocr_line ocrx_word'/>
</head>
<body>
  <div class='ocr_page' id='page_1' title='image "./dealcmaeonecroto00wachuoft_0058.png"; bbox 0 0 2125 3439; ppageno 0'>
   <div class='ocr_carea' id='block_1_1' title="bbox 423 329 1994 3013">
    <p class='ocr_par' dir='ltr' id='par_1_1' title="bbox 428 329 1987 813">
     <span class='ocr_line' id='line_1_1' title="bbox 429 329 1983 378; baseline -0.004 0"><span class='ocrx_word' id='word_1_1' title='bbox 429 335 652 378; x_wconf 84' lang='lat' dir='ltr'>videntur’.</span> <span class='ocrx_word' id='word_1_2' title='bbox 716 333 796 375; x_wconf 84' lang='lat' dir='ltr'>Sed</span> <span class='ocrx_word' id='word_1_3' title='bbox 835 346 994 375; x_wconf 86' lang='lat' dir='ltr'>conexa</span> <span class='ocrx_word' id='word_1_4' title='bbox 1032 345 1124 372; x_wconf 86' lang='lat' dir='ltr'>esse</span> <span class='ocrx_word' id='word_1_5' title='bbox 1169 330 1362 372; x_wconf 86' lang='lat' dir='ltr'>sensoria</span> <span class='ocrx_word' id='word_1_6' title='bbox 1407 344 1504 372; x_wconf 91' lang='lat' dir='ltr'>cum</span> <span class='ocrx_word' id='word_1_7' title='bbox 1543 329 1718 371; x_wconf 90' lang='lat' dir='ltr'>cerebro</span> <span class='ocrx_word' id='word_1_8' title='bbox 1761 329 1808 371; x_wconf 92' lang='lat' dir='ltr'>in</span> <span class='ocrx_word' id='word_1_9' title='bbox 1845 330 1983 372; x_wconf 88' lang='lat' dir='ltr'>oculis</span> 
     </span>
     <span class='ocr_line' id='line_1_2' title="bbox 430 400 1985 459; baseline -0.003 -12"><span class='ocrx_word' id='word_1_10' title='bbox 430 405 632 448; x_wconf 83' lang='lat' dir='ltr'>facillime</span> <span class='ocrx_word' id='word_1_11' title='bbox 660 403 862 459; x_wconf 85' lang='lat' dir='ltr'>cognosci</span> <span class='ocrx_word' id='word_1_12' title='bbox 891 402 1043 457; x_wconf 86' lang='lat' dir='ltr'>potuit,</span> <span class='ocrx_word' id='word_1_13' title='bbox 1070 404 1114 443; x_wconf 91' lang='lat' dir='ltr'>et</span> <span class='ocrx_word' id='word_1_14' title='bbox 1140 415 1269 456; x_wconf 89' lang='lat' dir='ltr'>quam</span> <span class='ocrx_word' id='word_1_15' title='bbox 1289 414 1377 442; x_wconf 92' lang='lat' dir='ltr'>non</span> <span class='ocrx_word' id='word_1_16' title='bbox 1397 400 1454 442; x_wconf 87' lang='lat' dir='ltr'>sit</span> <span class='ocrx_word' id='word_1_17' title='bbox 1480 400 1636 442; x_wconf 89' lang='lat' dir='ltr'>mirum</span> <span class='ocrx_word' id='word_1_18' title='bbox 1657 402 1824 455; x_wconf 79' lang='grc' dir='ltr'><em>πόρους</em></span> <span class='ocrx_word' id='word_1_19' title='bbox 1843 402 1985 456; x_wconf 88' lang='lat' dir='ltr'>appel-</span> 
     </span>
     <span class='ocr_line' id='line_1_3' title="bbox 431 471 1984 528; baseline -0.002 -11"><span class='ocrx_word' id='word_1_20' title='bbox 431 478 542 517; x_wconf 86' lang='lat' dir='ltr'>latos</span> <span class='ocrx_word' id='word_1_21' title='bbox 575 489 666 516; x_wconf 91' lang='lat' dir='ltr'>esse</span> <span class='ocrx_word' id='word_1_22' title='bbox 698 488 852 515; x_wconf 85' lang='lat' dir='ltr'>nervos</span> <span class='ocrx_word' id='word_1_23' title='bbox 885 472 1051 527; x_wconf 86' lang='lat' dir='ltr'>opticos</span> <span class='ocrx_word' id='word_1_24' title='bbox 1083 486 1180 528; x_wconf 86' lang='lat' dir='ltr'>pag.</span> <span class='ocrx_word' id='word_1_25' title='bbox 1206 472 1262 514; x_wconf 81' lang='lat'>52</span> <span class='ocrx_word' id='word_1_26' title='bbox 1295 471 1482 525; x_wconf 83' lang='lat' dir='ltr'>ostendi,</span> <span class='ocrx_word' id='word_1_27' title='bbox 1516 485 1600 526; x_wconf 94' lang='lat' dir='ltr'>quo</span> <span class='ocrx_word' id='word_1_28' title='bbox 1631 471 1805 513; x_wconf 88' lang='lat' dir='ltr'>nomine</span> <span class='ocrx_word' id='word_1_29' title='bbox 1836 472 1900 513; x_wconf 87' lang='lat' dir='ltr'>uti</span> <span class='ocrx_word' id='word_1_30' title='bbox 1932 487 1984 514; x_wconf 89' lang='lat' dir='ltr'>ne</span> 
     </span>
     <span class='ocr_line' id='line_1_4' title="bbox 430 542 1987 599; baseline -0.002 -12"><span class='ocrx_word' id='word_1_31' title='bbox 430 545 714 599; x_wconf 87' lang='lat' dir='ltr'>Herophilum</span> <span class='ocrx_word' id='word_1_32' title='bbox 748 543 938 598; x_wconf 87' lang='lat' dir='ltr'>quidem,</span> <span class='ocrx_word' id='word_1_33' title='bbox 978 542 1052 597; x_wconf 90' lang='lat' dir='ltr'>qui</span> <span class='ocrx_word' id='word_1_34' title='bbox 1086 542 1250 598; x_wconf 89' lang='lat' dir='ltr'>primus</span> <span class='ocrx_word' id='word_1_35' title='bbox 1288 557 1396 597; x_wconf 87' lang='lat' dir='ltr'>quae</span> <span class='ocrx_word' id='word_1_36' title='bbox 1425 545 1539 584; x_wconf 88' lang='lat' dir='ltr'>esset</span> <span class='ocrx_word' id='word_1_37' title='bbox 1572 557 1802 584; x_wconf 84' lang='lat' dir='ltr'>nervorum</span> <span class='ocrx_word' id='word_1_38' title='bbox 1831 545 1987 585; x_wconf 85' lang='lat' dir='ltr'>natura</span> 
     </span>
     <span class='ocr_line' id='line_1_5' title="bbox 430 613 1987 671; baseline -0.002 -14"><span class='ocrx_word' id='word_1_39' title='bbox 430 616 647 671; x_wconf 77' lang='lat' dir='ltr'>perspexit</span> <span class='ocrx_word' id='word_1_40' title='bbox 668 614 907 669; x_wconf 90' lang='lat' dir='ltr'>ceterisque</span> <span class='ocrx_word' id='word_1_41' title='bbox 928 619 1063 669; x_wconf 82' lang='grc' dir='ltr'><strong><em>νεῦρα</em></strong></span> <span class='ocrx_word' id='word_1_42' title='bbox 1083 628 1239 656; x_wconf 89' lang='lat' dir='ltr'>nomen</span> <span class='ocrx_word' id='word_1_43' title='bbox 1260 613 1387 667; x_wconf 87' lang='lat' dir='ltr'>dedit,</span> <span class='ocrx_word' id='word_1_44' title='bbox 1410 614 1602 669; x_wconf 86' lang='lat' dir='ltr'>piguisse</span> <span class='ocrx_word' id='word_1_45' title='bbox 1625 613 1814 656; x_wconf 86' lang='lat' dir='ltr'>Galenus</span> <span class='ocrx_word' id='word_1_46' title='bbox 1835 616 1987 656; x_wconf 85' lang='lat' dir='ltr'>auctor</span> 
     </span>
     <span class='ocr_line' id='line_1_6' title="bbox 433 683 1986 741; baseline -0.001 -14"><span class='ocrx_word' id='word_1_47' title='bbox 433 690 498 728; x_wconf 87' lang='lat' dir='ltr'>est</span> <span class='ocrx_word' id='word_1_48' title='bbox 531 684 600 741; x_wconf 88' lang='lat' dir='ltr'>(de</span> <span class='ocrx_word' id='word_1_49' title='bbox 633 700 713 727; x_wconf 85' lang='lat' dir='ltr'>usu</span> <span class='ocrx_word' id='word_1_50' title='bbox 743 688 855 740; x_wconf 83' lang='lat' dir='ltr'>part.</span> <span class='ocrx_word' id='word_1_51' title='bbox 886 684 926 726; x_wconf 91' lang='lat' dir='ltr'>X</span> <span class='ocrx_word' id='word_1_52' title='bbox 955 685 1008 726; x_wconf 85' lang='lat'>12</span> <span class='ocrx_word' id='word_1_53' title='bbox 1037 705 1089 718; x_wconf 92' lang='lat'>=</span> <span class='ocrx_word' id='word_1_54' title='bbox 1117 683 1182 726; x_wconf 87' lang='lat' dir='ltr'>III</span> <span class='ocrx_word' id='word_1_55' title='bbox 1213 684 1296 727; x_wconf 83' lang='lat'>813</span> <span class='ocrx_word' id='word_1_56' title='bbox 1322 684 1392 740; x_wconf 86' lang='lat' dir='ltr'>K.;</span> <span class='ocrx_word' id='word_1_57' title='bbox 1423 685 1473 726; x_wconf 90' lang='lat' dir='ltr'>de</span> <span class='ocrx_word' id='word_1_58' title='bbox 1507 688 1664 740; x_wconf 83' lang='lat' dir='ltr'>sympt.</span> <span class='ocrx_word' id='word_1_59' title='bbox 1691 698 1805 727; x_wconf 84' lang='lat' dir='ltr'>caus.</span> <span class='ocrx_word' id='word_1_60' title='bbox 1831 684 1849 725; x_wconf 95' lang='lat' dir='ltr'>I</span> <span class='ocrx_word' id='word_1_61' title='bbox 1877 685 1903 726; x_wconf 83' lang='lat'><strong>2</strong></span> <span class='ocrx_word' id='word_1_62' title='bbox 1933 704 1986 718; x_wconf 93' lang='lat'>=</span> 
     </span>
     <span class='ocr_line' id='line_1_7' title="bbox 428 755 793 813; baseline 0 -15"><span class='ocrx_word' id='word_1_63' title='bbox 428 757 511 799; x_wconf 66' lang='lat' dir='ltr'>VII</span> <span class='ocrx_word' id='word_1_64' title='bbox 539 757 593 798; x_wconf 80' lang='lat'>89</span> <span class='ocrx_word' id='word_1_65' title='bbox 620 755 703 813; x_wconf 74' lang='lat' dir='ltr'>K).</span> <span class='ocrx_word' id='word_1_66' title='bbox 738 781 793 787; x_wconf 88' lang='lat'>-—</span> 
     </span>
    </p>

    <p class='ocr_par' dir='ltr' id='par_1_2' title="bbox 423 824 1991 1451">
     <span class='ocr_line' id='line_1_8' title="bbox 545 824 1988 884; baseline -0.001 -15"><span class='ocrx_word' id='word_1_67' title='bbox 545 827 634 869; x_wconf 90' lang='lat' dir='ltr'>Iam</span> <span class='ocrx_word' id='word_1_68' title='bbox 680 828 895 883; x_wconf 87' lang='lat' dir='ltr'>quomodo</span> <span class='ocrx_word' id='word_1_69' title='bbox 940 828 998 882; x_wconf 89' lang='grc' dir='ltr'>μὴ</span> <span class='ocrx_word' id='word_1_70' title='bbox 1041 831 1101 882; x_wconf 80' lang='grc' dir='ltr'>τῷ</span> <span class='ocrx_word' id='word_1_71' title='bbox 1147 826 1285 884; x_wconf 85' lang='grc' dir='ltr'><strong><em>ὁμοίῳ</em></strong></span> <span class='ocrx_word' id='word_1_72' title='bbox 1329 824 1402 882; x_wconf 87' lang='lat' dir='ltr'>(cf.</span> <span class='ocrx_word' id='word_1_73' title='bbox 1434 824 1611 882; x_wconf 85' lang='lat' dir='ltr'>frg.11)</span> <span class='ocrx_word' id='word_1_74' title='bbox 1654 840 1857 868; x_wconf 89' lang='lat' dir='ltr'>sensuum</span> <span class='ocrx_word' id='word_1_75' title='bbox 1894 840 1988 881; x_wconf 88' lang='lat' dir='ltr'>per-</span> 
     </span>
     <span class='ocr_line' id='line_1_9' title="bbox 428 897 1989 954; baseline -0.002 -13"><span class='ocrx_word' id='word_1_76' title='bbox 428 900 646 954; x_wconf 89' lang='lat' dir='ltr'>ceptiones</span> <span class='ocrx_word' id='word_1_77' title='bbox 684 899 776 939; x_wconf 88' lang='lat' dir='ltr'>fieri</span> <span class='ocrx_word' id='word_1_78' title='bbox 815 898 888 940; x_wconf 90' lang='lat' dir='ltr'>ille</span> <span class='ocrx_word' id='word_1_79' title='bbox 926 898 1146 953; x_wconf 85' lang='lat' dir='ltr'>putaverit</span> <span class='ocrx_word' id='word_1_80' title='bbox 1190 897 1225 938; x_wconf 91' lang='lat' dir='ltr'>si</span> <span class='ocrx_word' id='word_1_81' title='bbox 1266 911 1487 953; x_wconf 82' lang='lat' dir='ltr'>rogamus,</span> <span class='ocrx_word' id='word_1_82' title='bbox 1532 897 1690 938; x_wconf 88' lang='lat' dir='ltr'>mirum</span> <span class='ocrx_word' id='word_1_83' title='bbox 1731 897 1776 938; x_wconf 92' lang='lat' dir='ltr'>in</span> <span class='ocrx_word' id='word_1_84' title='bbox 1813 897 1989 938; x_wconf 90' lang='lat' dir='ltr'>modum</span> 
     </span>
     <span class='ocr_line' id='line_1_10' title="bbox 429 966 1989 1025; baseline -0.001 -14"><span class='ocrx_word' id='word_1_85' title='bbox 429 969 656 1024; x_wconf 88' lang='lat' dir='ltr'>respondet</span> <span class='ocrx_word' id='word_1_86' title='bbox 686 968 935 1024; x_wconf 83' lang='lat' dir='ltr'>Tanneryus</span> <span class='ocrx_word' id='word_1_87' title='bbox 970 968 1098 1025; x_wconf 89' lang='lat' dir='ltr'>(pour</span> <span class='ocrx_word' id='word_1_88' title='bbox 1130 967 1260 1010; x_wconf 87' lang='lat' dir='ltr'>l&#39;hist.</span> <span class='ocrx_word' id='word_1_89' title='bbox 1287 969 1324 1009; x_wconf 91' lang='lat' dir='ltr'>d.</span> <span class='ocrx_word' id='word_1_90' title='bbox 1351 968 1377 1009; x_wconf 85' lang='lat' dir='ltr'>l.</span> <span class='ocrx_word' id='word_1_91' title='bbox 1411 968 1577 1010; x_wconf 91' lang='lat' dir='ltr'>science</span> <span class='ocrx_word' id='word_1_92' title='bbox 1610 967 1708 1009; x_wconf 88' lang='lat' dir='ltr'>hell.</span> <span class='ocrx_word' id='word_1_93' title='bbox 1741 981 1838 1024; x_wconf 85' lang='lat' dir='ltr'>pag.</span> <span class='ocrx_word' id='word_1_94' title='bbox 1865 966 1989 1023; x_wconf 86' lang='lat'>213):</span> 
     </span>
     <span class='ocr_line' id='line_1_11' title="bbox 426 1039 1990 1094; baseline -0.001 -12"><span class='ocrx_word' id='word_1_95' title='bbox 426 1055 476 1083; x_wconf 77' lang='lat' dir='ltr'>on</span> <span class='ocrx_word' id='word_1_96' title='bbox 514 1055 563 1082; x_wconf 73' lang='lat' dir='ltr'>ne</span> <span class='ocrx_word' id='word_1_97' title='bbox 599 1041 899 1093; x_wconf 71' lang='lat' dir='ltr'>comprendraz&#39;t</span> <span class='ocrx_word' id='word_1_98' title='bbox 931 1041 1054 1094; x_wconf 70' lang='lat' dir='ltr'>quere</span> <span class='ocrx_word' id='word_1_99' title='bbox 1090 1042 1288 1082; x_wconf 75' lang='lat' dir='ltr'>comment</span> <span class='ocrx_word' id='word_1_100' title='bbox 1325 1039 1359 1081; x_wconf 84' lang='lat' dir='ltr'>le</span> <span class='ocrx_word' id='word_1_101' title='bbox 1395 1039 1562 1092; x_wconf 75' lang='lat' dir='ltr'>disciple</span> <span class='ocrx_word' id='word_1_102' title='bbox 1599 1039 1822 1080; x_wconf 74' lang='lat' dir='ltr'>d’Aristote</span> <span class='ocrx_word' id='word_1_103' title='bbox 1863 1053 1990 1092; x_wconf 73' lang='lat' dir='ltr'>ranye</span> 
     </span>
     <span class='ocr_line' id='line_1_12' title="bbox 425 1109 1991 1165; baseline -0.001 -12"><span class='ocrx_word' id='word_1_104' title='bbox 425 1112 618 1154; x_wconf 61' lang='lat' dir='ltr'>Alcmeon</span> <span class='ocrx_word' id='word_1_105' title='bbox 643 1112 785 1164; x_wconf 62' lang='lat' dir='ltr'>parma⁴</span> <span class='ocrx_word' id='word_1_106' title='bbox 822 1124 920 1152; x_wconf 78' lang='lat' dir='ltr'>ceux</span> <span class='ocrx_word' id='word_1_107' title='bbox 957 1111 1055 1152; x_wconf 74' lang='lat' dir='ltr'>dont</span> <span class='ocrx_word' id='word_1_108' title='bbox 1092 1111 1288 1164; x_wconf 74' lang='lat' dir='ltr'>Z’opinion</span> <span class='ocrx_word' id='word_1_109' title='bbox 1319 1114 1378 1152; x_wconf 77' lang='lat' dir='ltr'>est</span> <span class='ocrx_word' id='word_1_110' title='bbox 1406 1110 1570 1165; x_wconf 79' lang='lat' dir='ltr'>oppose&#39;e</span> <span class='ocrx_word' id='word_1_111' title='bbox 1609 1110 1635 1150; x_wconf 79' lang='grc' dir='ltr'><em>ἁ</em></span> <span class='ocrx_word' id='word_1_112' title='bbox 1675 1110 1769 1152; x_wconf 81' lang='lat' dir='ltr'>celle</span> <span class='ocrx_word' id='word_1_113' title='bbox 1799 1109 1991 1163; x_wconf 79' lang='lat' dir='ltr'>d&#39;Empe&#39;-</span> 
     </span>
     <span class='ocr_line' id='line_1_13' title="bbox 427 1181 1991 1235; baseline -0.001 -11"><span class='ocrx_word' id='word_1_114' title='bbox 427 1183 556 1224; x_wconf 81' lang='lat' dir='ltr'>docle.</span> <span class='ocrx_word' id='word_1_115' title='bbox 580 1216 586 1222; x_wconf 93' lang='lat'><strong>.</strong></span> <span class='ocrx_word' id='word_1_116' title='bbox 609 1216 615 1223; x_wconf 94' lang='lat'>.</span> <span class='ocrx_word' id='word_1_117' title='bbox 638 1216 667 1235; x_wconf 87' lang='lat'>.,</span> <span class='ocrx_word' id='word_1_118' title='bbox 699 1183 736 1223; x_wconf 72' lang='lat' dir='ltr'>si</span> <span class='ocrx_word' id='word_1_119' title='bbox 761 1182 842 1223; x_wconf 75' lang='lat' dir='ltr'>Z’on</span> <span class='ocrx_word' id='word_1_120' title='bbox 872 1195 922 1223; x_wconf 67' lang='lat' dir='ltr'>oze</span> <span class='ocrx_word' id='word_1_121' title='bbox 945 1182 1208 1235; x_wconf 74' lang='lat' dir='ltr'>s’apercevait</span> <span class='ocrx_word' id='word_1_122' title='bbox 1223 1195 1307 1235; x_wconf 75' lang='lat' dir='ltr'>pas</span> <span class='ocrx_word' id='word_1_123' title='bbox 1337 1182 1438 1235; x_wconf 74' lang='lat' dir='ltr'>qu’z&#39;l</span> <span class='ocrx_word' id='word_1_124' title='bbox 1463 1181 1652 1223; x_wconf 75' lang='lat' dir='ltr'>s’attaclw</span> <span class='ocrx_word' id='word_1_125' title='bbox 1682 1181 1991 1223; x_wconf 71' lang='lat' dir='ltr'>exclusivemcnt</span> 
     </span>
     <span class='ocr_line' id='line_1_14' title="bbox 429 1252 1989 1307; baseline -0.001 -12"><span class='ocrx_word' id='word_1_126' title='bbox 429 1255 455 1295; x_wconf 73' lang='grc' dir='ltr'>(ὶ</span> <span class='ocrx_word' id='word_1_127' title='bbox 481 1254 521 1295; x_wconf 78' lang='lat' dir='ltr'>la</span> <span class='ocrx_word' id='word_1_128' title='bbox 547 1254 783 1295; x_wconf 71' lang='lat' dir='ltr'>distinction</span> <span class='ocrx_word' id='word_1_129' title='bbox 816 1253 957 1294; x_wconf 74' lang='lat' dir='ltr'>e&#39;tablie</span> <span class='ocrx_word' id='word_1_130' title='bbox 979 1267 1064 1307; x_wconf 77' lang='lat' dir='ltr'>par</span> <span class='ocrx_word' id='word_1_131' title='bbox 1083 1252 1280 1295; x_wconf 74' lang='lat' dir='ltr'>Alcme&#39;on</span> <span class='ocrx_word' id='word_1_132' title='bbox 1311 1256 1421 1294; x_wconf 77' lang='lat' dir='ltr'>entre</span> <span class='ocrx_word' id='word_1_133' title='bbox 1452 1253 1494 1294; x_wconf 86' lang='lat' dir='ltr'>la</span> <span class='ocrx_word' id='word_1_134' title='bbox 1518 1253 1724 1294; x_wconf 73' lang='lat' dir='ltr'>sensation</span> <span class='ocrx_word' id='word_1_135' title='bbox 1753 1256 1790 1294; x_wconf 78' lang='lat' dir='ltr'>et</span> <span class='ocrx_word' id='word_1_136' title='bbox 1814 1252 1989 1294; x_wconf 58' lang='lat' dir='ltr'>vintello·-</span> 
     </span>
     <span class='ocr_line' id='line_1_15' title="bbox 423 1323 1991 1379; baseline -0.001 -14"><span class='ocrx_word' id='word_1_137' title='bbox 423 1338 552 1379; x_wconf 69' lang='lat' dir='ltr'>yeme.</span> <span class='ocrx_word' id='word_1_138' title='bbox 617 1324 734 1373; x_wconf 85' lang='lat' dir='ltr'>Quae</span> <span class='ocrx_word' id='word_1_139' title='bbox 767 1324 869 1378; x_wconf 90' lang='lat' dir='ltr'>quid</span> <span class='ocrx_word' id='word_1_140' title='bbox 900 1323 1011 1366; x_wconf 89' lang='lat' dir='ltr'>hanc</span> <span class='ocrx_word' id='word_1_141' title='bbox 1044 1324 1098 1366; x_wconf 91' lang='lat' dir='ltr'>ad</span> <span class='ocrx_word' id='word_1_142' title='bbox 1130 1323 1427 1379; x_wconf 86' lang='lat' dir='ltr'>quaestionem</span> <span class='ocrx_word' id='word_1_143' title='bbox 1466 1323 1549 1366; x_wconf 89' lang='lat' dir='ltr'>sibi</span> <span class='ocrx_word' id='word_1_144' title='bbox 1581 1323 1715 1365; x_wconf 86' lang='lat' dir='ltr'>velint</span> <span class='ocrx_word' id='word_1_145' title='bbox 1746 1337 1897 1378; x_wconf 87' lang='lat' dir='ltr'>parum</span> <span class='ocrx_word' id='word_1_146' title='bbox 1930 1323 1991 1364; x_wconf 91' lang='lat' dir='ltr'>in-</span> 
     </span>
     <span class='ocr_line' id='line_1_16' title="bbox 429 1395 593 1451; baseline 0 -15"><span class='ocrx_word' id='word_1_147' title='bbox 429 1395 593 1451; x_wconf 91' lang='lat' dir='ltr'>telligo.</span> 
     </span>
    </p>

    <p class='ocr_par' dir='ltr' id='par_1_3' title="bbox 430 1464 1994 2514">
     <span class='ocr_line' id='line_1_17' title="bbox 545 1464 1992 1521; baseline -0.001 -13"><span class='ocrx_word' id='word_1_148' title='bbox 545 1466 681 1521; x_wconf 91' lang='lat' dir='ltr'>Atqui</span> <span class='ocrx_word' id='word_1_149' title='bbox 712 1481 799 1509; x_wconf 91' lang='lat' dir='ltr'>non</span> <span class='ocrx_word' id='word_1_150' title='bbox 830 1466 1146 1521; x_wconf 86' lang='lat' dir='ltr'>inexplicabilis</span> <span class='ocrx_word' id='word_1_151' title='bbox 1185 1481 1252 1508; x_wconf 90' lang='lat' dir='ltr'>res</span> <span class='ocrx_word' id='word_1_152' title='bbox 1291 1465 1397 1507; x_wconf 88' lang='lat' dir='ltr'>mihi</span> <span class='ocrx_word' id='word_1_153' title='bbox 1435 1465 1604 1507; x_wconf 85' lang='lat' dir='ltr'>videtur</span> <span class='ocrx_word' id='word_1_154' title='bbox 1643 1464 1856 1521; x_wconf 73' lang='lat' dir='ltr'>cogitanti</span> <span class='ocrx_word' id='word_1_155' title='bbox 1895 1479 1992 1507; x_wconf 89' lang='lat' dir='ltr'>con-</span> 
     </span>
     <span class='ocr_line' id='line_1_18' title="bbox 430 1535 1990 1592; baseline 0 -14"><span class='ocrx_word' id='word_1_156' title='bbox 430 1537 563 1579; x_wconf 88' lang='lat' dir='ltr'>traria</span> <span class='ocrx_word' id='word_1_157' title='bbox 596 1537 742 1579; x_wconf 90' lang='lat' dir='ltr'>omnia</span> <span class='ocrx_word' id='word_1_158' title='bbox 773 1538 816 1579; x_wconf 91' lang='lat' dir='ltr'>in</span> <span class='ocrx_word' id='word_1_159' title='bbox 845 1552 1022 1592; x_wconf 87' lang='lat' dir='ltr'>corpore</span> <span class='ocrx_word' id='word_1_160' title='bbox 1049 1538 1237 1579; x_wconf 89' lang='lat' dir='ltr'>humano</span> <span class='ocrx_word' id='word_1_161' title='bbox 1270 1537 1410 1579; x_wconf 89' lang='lat' dir='ltr'>inesse</span> <span class='ocrx_word' id='word_1_162' title='bbox 1437 1535 1739 1579; x_wconf 85' lang='lat' dir='ltr'>Crotoniatam</span> <span class='ocrx_word' id='word_1_163' title='bbox 1772 1536 1990 1586; x_wconf 84' lang='lat' dir='ltr'>censuisse</span> 
     </span>
     <span class='ocr_line' id='line_1_19' title="bbox 430 1607 1992 1664; baseline -0.001 -15"><span class='ocrx_word' id='word_1_164' title='bbox 430 1607 602 1664; x_wconf 84' lang='lat' dir='ltr'>(fragm.</span> <span class='ocrx_word' id='word_1_165' title='bbox 634 1607 797 1664; x_wconf 84' lang='lat' dir='ltr'>XXII),</span> <span class='ocrx_word' id='word_1_166' title='bbox 842 1609 903 1650; x_wconf 85' lang='lat' dir='ltr'>ita</span> <span class='ocrx_word' id='word_1_167' title='bbox 947 1611 995 1649; x_wconf 87' lang='lat' dir='ltr'>ut</span> <span class='ocrx_word' id='word_1_168' title='bbox 1035 1609 1071 1650; x_wconf 90' lang='lat' dir='ltr'>si</span> <span class='ocrx_word' id='word_1_169' title='bbox 1110 1608 1231 1650; x_wconf 86' lang='lat' dir='ltr'>dulce</span> <span class='ocrx_word' id='word_1_170' title='bbox 1277 1608 1380 1662; x_wconf 88' lang='lat' dir='ltr'>quid</span> <span class='ocrx_word' id='word_1_171' title='bbox 1418 1607 1556 1650; x_wconf 89' lang='lat' dir='ltr'>ederis</span> <span class='ocrx_word' id='word_1_172' title='bbox 1602 1610 1731 1661; x_wconf 86' lang='lat' dir='ltr'>atque</span> <span class='ocrx_word' id='word_1_173' title='bbox 1770 1610 1896 1650; x_wconf 86' lang='lat' dir='ltr'>aucta</span> <span class='ocrx_word' id='word_1_174' title='bbox 1933 1607 1992 1650; x_wconf 84' lang='lat' dir='ltr'>sit</span> 
     </span>
     <span class='ocr_line' id='line_1_20' title="bbox 430 1678 1992 1735; baseline 0 -15"><span class='ocrx_word' id='word_1_175' title='bbox 430 1679 565 1721; x_wconf 88' lang='lat' dir='ltr'>dulcis</span> <span class='ocrx_word' id='word_1_176' title='bbox 604 1679 647 1721; x_wconf 92' lang='lat' dir='ltr'>in</span> <span class='ocrx_word' id='word_1_177' title='bbox 685 1694 863 1734; x_wconf 89' lang='lat' dir='ltr'>corpore</span> <span class='ocrx_word' id='word_1_178' title='bbox 902 1679 1154 1735; x_wconf 82' lang='lat' dir='ltr'>multitudo,</span> <span class='ocrx_word' id='word_1_179' title='bbox 1192 1679 1328 1720; x_wconf 87' lang='lat' dir='ltr'>amari</span> <span class='ocrx_word' id='word_1_180' title='bbox 1367 1679 1491 1734; x_wconf 82' lang='lat' dir='ltr'>copia</span> <span class='ocrx_word' id='word_1_181' title='bbox 1529 1678 1653 1734; x_wconf 86' lang='lat' dir='ltr'>quasi</span> <span class='ocrx_word' id='word_1_182' title='bbox 1690 1678 1886 1731; x_wconf 85' lang='lat' dir='ltr'>laborare</span> <span class='ocrx_word' id='word_1_183' title='bbox 1918 1694 1992 1734; x_wconf 91' lang='lat' dir='ltr'>pu-</span> 
     </span>
     <span class='ocr_line' id='line_1_21' title="bbox 434 1748 1992 1806; baseline 0.001 -15"><span class='ocrx_word' id='word_1_184' title='bbox 434 1750 564 1792; x_wconf 80' lang='lat' dir='ltr'>tanda</span> <span class='ocrx_word' id='word_1_185' title='bbox 590 1750 648 1792; x_wconf 91' lang='lat' dir='ltr'>sit</span> <span class='ocrx_word' id='word_1_186' title='bbox 675 1750 991 1792; x_wconf 89' lang='lat' dir='ltr'>contrariorum</span> <span class='ocrx_word' id='word_1_187' title='bbox 1018 1749 1234 1805; x_wconf 86' lang='lat' dir='ltr'>aequitate</span> <span class='ocrx_word' id='word_1_188' title='bbox 1262 1749 1450 1791; x_wconf 85' lang='lat' dir='ltr'>turbata.</span> <span class='ocrx_word' id='word_1_189' title='bbox 1501 1748 1663 1791; x_wconf 83' lang='lat' dir='ltr'>Eadem</span> <span class='ocrx_word' id='word_1_190' title='bbox 1685 1749 1992 1806; x_wconf 85' lang='lat' dir='ltr'>Anaxagoram</span> 
     </span>
     <span class='ocr_line' id='line_1_22' title="bbox 432 1818 1992 1878; baseline 0.001 -17"><span class='ocrx_word' id='word_1_191' title='bbox 432 1821 627 1862; x_wconf 79' lang='lat' dir='ltr'>docuisse</span> <span class='ocrx_word' id='word_1_192' title='bbox 653 1826 802 1862; x_wconf 87' lang='lat' dir='ltr'>narrat</span> <span class='ocrx_word' id='word_1_193' title='bbox 827 1820 1152 1875; x_wconf 76' lang='lat' dir='ltr'>Theophrastus</span> <span class='ocrx_word' id='word_1_194' title='bbox 1181 1818 1310 1877; x_wconf 87' lang='lat' dir='ltr'>(Dox.</span> <span class='ocrx_word' id='word_1_195' title='bbox 1331 1820 1429 1875; x_wconf 82' lang='lat'>507,</span> <span class='ocrx_word' id='word_1_196' title='bbox 1452 1818 1542 1876; x_wconf 85' lang='lat'>16):</span> <span class='ocrx_word' id='word_1_197' title='bbox 1569 1827 1629 1878; x_wconf 77' lang='grc' dir='ltr'>τῷ</span> <span class='ocrx_word' id='word_1_198' title='bbox 1657 1818 1737 1875; x_wconf 76' lang='grc' dir='ltr'>μὲν</span> <span class='ocrx_word' id='word_1_199' title='bbox 1762 1825 1914 1878; x_wconf 79' lang='grc' dir='ltr'><strong><em>θερμῷ</em></strong></span> <span class='ocrx_word' id='word_1_200' title='bbox 1943 1822 1992 1863; x_wconf 90' lang='grc' dir='ltr'>τὸ</span> 
     </span>
     <span class='ocr_line' id='line_1_23' title="bbox 431 1889 1994 1948; baseline 0.001 -15"><span class='ocrx_word' id='word_1_201' title='bbox 431 1893 617 1947; x_wconf 81' lang='grc' dir='ltr'><strong><em>ψυχρόν,</em></strong></span> <span class='ocrx_word' id='word_1_202' title='bbox 648 1897 707 1947; x_wconf 78' lang='grc' dir='ltr'>τῷ</span> <span class='ocrx_word' id='word_1_203' title='bbox 738 1889 776 1933; x_wconf 82' lang='grc' dir='ltr'>δ’</span> <span class='ocrx_word' id='word_1_204' title='bbox 810 1890 988 1948; x_wconf 79' lang='grc' dir='ltr'><strong><em>ἁλμυρῷ</em></strong></span> <span class='ocrx_word' id='word_1_205' title='bbox 1020 1893 1069 1934; x_wconf 87' lang='grc' dir='ltr'>τὸ</span> <span class='ocrx_word' id='word_1_206' title='bbox 1101 1893 1304 1946; x_wconf 78' lang='grc' dir='ltr'><strong><em>πότιμον,</em></strong></span> <span class='ocrx_word' id='word_1_207' title='bbox 1334 1897 1395 1948; x_wconf 77' lang='grc' dir='ltr'>τῷ</span> <span class='ocrx_word' id='word_1_208' title='bbox 1428 1889 1467 1932; x_wconf 83' lang='grc' dir='ltr'>δ’</span> <span class='ocrx_word' id='word_1_209' title='bbox 1499 1890 1592 1942; x_wconf 82' lang='grc' dir='ltr'><strong><em>ὀξεῖ</em></strong></span> <span class='ocrx_word' id='word_1_210' title='bbox 1616 1892 1664 1933; x_wconf 88' lang='grc' dir='ltr'>τὸ</span> <span class='ocrx_word' id='word_1_211' title='bbox 1691 1893 1829 1946; x_wconf 77' lang='grc' dir='ltr'><strong><em>γλυκὺ</em></strong></span> <span class='ocrx_word' id='word_1_212' title='bbox 1862 1890 1994 1948; x_wconf 79' lang='grc' dir='ltr'><strong><em>(ἡμᾶς</em></strong></span> 
     </span>
     <span class='ocr_line' id='line_1_24' title="bbox 431 1961 1993 2019; baseline 0.001 -15"><span class='ocrx_word' id='word_1_213' title='bbox 431 1961 679 2019; x_wconf 74' lang='grc' dir='ltr'><strong><em>γνωρίζειν)</em></strong></span> <span class='ocrx_word' id='word_1_214' title='bbox 718 1963 824 2004; x_wconf 82' lang='grc' dir='ltr'><strong><em>κατὰ</em></strong></span> <span class='ocrx_word' id='word_1_215' title='bbox 856 1963 936 2017; x_wconf 85' lang='grc' dir='ltr'>τὴν</span> <span class='ocrx_word' id='word_1_216' title='bbox 969 1964 1164 2013; x_wconf 77' lang='grc' dir='ltr'><strong><em>ἔλλειψιν</em></strong></span> <span class='ocrx_word' id='word_1_217' title='bbox 1196 1963 1276 2017; x_wconf 88' lang='grc' dir='ltr'>τὴν</span> <span class='ocrx_word' id='word_1_218' title='bbox 1310 1961 1505 2005; x_wconf 77' lang='grc' dir='ltr'><em>ἑκάστου.</em></span> <span class='ocrx_word' id='word_1_219' title='bbox 1567 1963 1707 2004; x_wconf 79' lang='grc' dir='ltr'><strong><em>πάντα</em></strong></span> <span class='ocrx_word' id='word_1_220' title='bbox 1745 1963 1827 2018; x_wconf 82' lang='grc' dir='ltr'>γὰρ</span> <span class='ocrx_word' id='word_1_221' title='bbox 1863 1962 1993 2005; x_wconf 83' lang='grc' dir='ltr'><strong><em>ἐνυπ-</em></strong></span> 
     </span>
     <span class='ocr_line' id='line_1_25' title="bbox 434 2031 1992 2090; baseline -0.001 -14"><span class='ocrx_word' id='word_1_222' title='bbox 434 2035 584 2089; x_wconf 80' lang='grc' dir='ltr'><strong><em>άρχειν</em></strong></span> <span class='ocrx_word' id='word_1_223' title='bbox 617 2032 760 2074; x_wconf 54' lang='grc' dir='ltr'><strong><em>ῒέστὶν</em></strong></span> <span class='ocrx_word' id='word_1_224' title='bbox 800 2031 958 2089; x_wconf 73' lang='grc' dir='ltr'><strong><em>(πάντῃ</em></strong></span> <span class='ocrx_word' id='word_1_225' title='bbox 999 2033 1047 2075; x_wconf 90' lang='lat' dir='ltr'>ci.</span> <span class='ocrx_word' id='word_1_226' title='bbox 1079 2031 1267 2090; x_wconf 80' lang='lat' dir='ltr'>Usener)</span> <span class='ocrx_word' id='word_1_227' title='bbox 1308 2032 1354 2075; x_wconf 83' lang='grc' dir='ltr'>ἐν</span> <span class='ocrx_word' id='word_1_228' title='bbox 1392 2032 1510 2088; x_wconf 81' lang='grc' dir='ltr'><strong><em>ἡμῖν.</em></strong></span> <span class='ocrx_word' id='word_1_229' title='bbox 1573 2033 1692 2075; x_wconf 89' lang='lat' dir='ltr'>Adde</span> <span class='ocrx_word' id='word_1_230' title='bbox 1726 2034 1859 2076; x_wconf 85' lang='lat' dir='ltr'>Arist.</span> <span class='ocrx_word' id='word_1_231' title='bbox 1890 2033 1992 2076; x_wconf 89' lang='lat' dir='ltr'>Eth.</span> 
     </span>
     <span class='ocr_line' id='line_1_26' title="bbox 435 2103 1993 2160; baseline 0 -14"><span class='ocrx_word' id='word_1_232' title='bbox 435 2104 529 2146; x_wconf 89' lang='lat' dir='ltr'>Nic.</span> <span class='ocrx_word' id='word_1_233' title='bbox 547 2103 631 2146; x_wconf 89' lang='lat' dir='ltr'>VII</span> <span class='ocrx_word' id='word_1_234' title='bbox 655 2105 707 2146; x_wconf 80' lang='lat'>15</span> <span class='ocrx_word' id='word_1_235' title='bbox 727 2118 824 2159; x_wconf 89' lang='lat' dir='ltr'>pag.</span> <span class='ocrx_word' id='word_1_236' title='bbox 850 2104 962 2145; x_wconf 79' lang='lat'>1154</span> <span class='ocrx_word' id='word_1_237' title='bbox 981 2104 1007 2146; x_wconf 93' lang='lat' dir='ltr'>b</span> <span class='ocrx_word' id='word_1_238' title='bbox 1031 2106 1067 2146; x_wconf 80' lang='lat'>7.</span> <span class='ocrx_word' id='word_1_239' title='bbox 1116 2103 1167 2146; x_wconf 91' lang='lat' dir='ltr'>In</span> <span class='ocrx_word' id='word_1_240' title='bbox 1193 2106 1359 2146; x_wconf 80' lang='lat' dir='ltr'>ceteros</span> <span class='ocrx_word' id='word_1_241' title='bbox 1387 2119 1537 2146; x_wconf 86' lang='lat' dir='ltr'>sensus</span> <span class='ocrx_word' id='word_1_242' title='bbox 1563 2103 1645 2146; x_wconf 89' lang='lat' dir='ltr'>hoc</span> <span class='ocrx_word' id='word_1_243' title='bbox 1671 2119 1756 2146; x_wconf 91' lang='lat' dir='ltr'>non</span> <span class='ocrx_word' id='word_1_244' title='bbox 1784 2105 1993 2160; x_wconf 87' lang='lat' dir='ltr'>quadrare</span> 
     </span>
     <span class='ocr_line' id='line_1_27' title="bbox 433 2174 1992 2232; baseline 0.001 -16"><span class='ocrx_word' id='word_1_245' title='bbox 433 2190 486 2217; x_wconf 90' lang='lat' dir='ltr'>ne</span> <span class='ocrx_word' id='word_1_246' title='bbox 513 2190 700 2229; x_wconf 85' lang='lat' dir='ltr'>moneaS,</span> <span class='ocrx_word' id='word_1_247' title='bbox 727 2176 819 2231; x_wconf 89' lang='lat' dir='ltr'>lege</span> <span class='ocrx_word' id='word_1_248' title='bbox 846 2175 1135 2230; x_wconf 84' lang='lat' dir='ltr'>Theophrasti</span> <span class='ocrx_word' id='word_1_249' title='bbox 1162 2175 1267 2218; x_wconf 88' lang='lat' dir='ltr'>haec</span> <span class='ocrx_word' id='word_1_250' title='bbox 1295 2174 1422 2231; x_wconf 83' lang='lat' dir='ltr'>(Dox.</span> <span class='ocrx_word' id='word_1_251' title='bbox 1449 2175 1548 2230; x_wconf 83' lang='lat'><strong>499,</strong></span> <span class='ocrx_word' id='word_1_252' title='bbox 1571 2174 1662 2232; x_wconf 84' lang='lat'>11):</span> <span class='ocrx_word' id='word_1_253' title='bbox 1688 2178 1886 2218; x_wconf 82' lang='grc' dir='ltr'><strong><em>καθόλου</em></strong></span> <span class='ocrx_word' id='word_1_254' title='bbox 1912 2174 1992 2231; x_wconf 76' lang='grc' dir='ltr'>μὲν</span> 
     </span>
     <span class='ocr_line' id='line_1_28' title="bbox 438 2243 1991 2304; baseline 0.001 -17"><span class='ocrx_word' id='word_1_255' title='bbox 438 2243 518 2288; x_wconf 83' lang='grc' dir='ltr'>οὖν</span> <span class='ocrx_word' id='word_1_256' title='bbox 549 2244 647 2300; x_wconf 88' lang='grc' dir='ltr'><strong><em>περὶ</em></strong></span> <span class='ocrx_word' id='word_1_257' title='bbox 681 2247 927 2300; x_wconf 76' lang='grc' dir='ltr'><strong><em>αἰσθήσεως</em></strong></span> <span class='ocrx_word' id='word_1_258' title='bbox 958 2243 1085 2288; x_wconf 81' lang='grc' dir='ltr'><strong><em>αὗται</em></strong></span> <span class='ocrx_word' id='word_1_259' title='bbox 1117 2245 1440 2301; x_wconf 78' lang='grc' dir='ltr'><strong><em>παραδέδονται</em></strong></span> <span class='ocrx_word' id='word_1_260' title='bbox 1473 2246 1594 2296; x_wconf 79' lang='grc' dir='ltr'><strong><em>δόξαι</em></strong></span> <span class='ocrx_word' id='word_1_261' title='bbox 1627 2245 1736 2302; x_wconf 81' lang='lat' dir='ltr'>(scil.</span> <span class='ocrx_word' id='word_1_262' title='bbox 1762 2252 1820 2304; x_wconf 82' lang='grc' dir='ltr'>τῷ</span> <span class='ocrx_word' id='word_1_263' title='bbox 1854 2247 1991 2304; x_wconf 88' lang='grc' dir='ltr'><strong><em>ὁμοίῳ</em></strong></span> 
     </span>
     <span class='ocr_line' id='line_1_29' title="bbox 435 2315 1993 2374; baseline 0.001 -16"><span class='ocrx_word' id='word_1_264' title='bbox 435 2320 508 2358; x_wconf 82' lang='lat' dir='ltr'>aut</span> <span class='ocrx_word' id='word_1_265' title='bbox 533 2318 590 2371; x_wconf 86' lang='grc' dir='ltr'>μὴ</span> <span class='ocrx_word' id='word_1_266' title='bbox 617 2323 675 2373; x_wconf 82' lang='grc' dir='ltr'>τῷ</span> <span class='ocrx_word' id='word_1_267' title='bbox 703 2317 838 2374; x_wconf 84' lang='grc' dir='ltr'><strong><em>ὁμοίῳ</em></strong></span> <span class='ocrx_word' id='word_1_268' title='bbox 872 2332 1020 2359; x_wconf 88' lang='lat' dir='ltr'>sensus</span> <span class='ocrx_word' id='word_1_269' title='bbox 1048 2317 1178 2371; x_wconf 87' lang='lat' dir='ltr'>fieri)·</span> <span class='ocrx_word' id='word_1_270' title='bbox 1211 2317 1308 2371; x_wconf 86' lang='grc' dir='ltr'><strong><em>περὶ</em></strong></span> <span class='ocrx_word' id='word_1_271' title='bbox 1337 2316 1516 2372; x_wconf 77' lang='grc' dir='ltr'><em>ἑκάστης</em></span> <span class='ocrx_word' id='word_1_272' title='bbox 1543 2315 1589 2358; x_wconf 76' lang='grc' dir='ltr'>δὲ</span> <span class='ocrx_word' id='word_1_273' title='bbox 1615 2325 1703 2359; x_wconf 87' lang='grc' dir='ltr'>τῶν</span> <span class='ocrx_word' id='word_1_274' title='bbox 1730 2318 1836 2360; x_wconf 84' lang='grc' dir='ltr'><strong><em>κατὰ</em></strong></span> <span class='ocrx_word' id='word_1_275' title='bbox 1862 2317 1993 2374; x_wconf 75' lang='grc' dir='ltr'><strong><em>μέρος</em></strong></span> 
     </span>
     <span class='ocr_line' id='line_1_30' title="bbox 433 2385 1992 2444; baseline 0.001 -15"><span class='ocrx_word' id='word_1_276' title='bbox 433 2388 478 2429; x_wconf 81' lang='grc' dir='ltr'>οἶ</span> <span class='ocrx_word' id='word_1_277' title='bbox 514 2385 593 2442; x_wconf 71' lang='grc' dir='ltr'>μὲν</span> <span class='ocrx_word' id='word_1_278' title='bbox 631 2388 756 2430; x_wconf 78' lang='grc' dir='ltr'><strong><em>ἄλλοι</em></strong></span> <span class='ocrx_word' id='word_1_279' title='bbox 795 2389 952 2442; x_wconf 86' lang='grc' dir='ltr'><strong><em>σχεδὸν</em></strong></span> <span class='ocrx_word' id='word_1_280' title='bbox 992 2388 1329 2442; x_wconf 79' lang='grc' dir='ltr'><strong><em>ἀπολείπουσιν,</em></strong></span> <span class='ocrx_word' id='word_1_281' title='bbox 1367 2386 1661 2443; x_wconf 76' lang='grc' dir='ltr'><strong><em>Ἐμπεδοκλῆς</em></strong></span> <span class='ocrx_word' id='word_1_282' title='bbox 1705 2386 1753 2430; x_wconf 74' lang='grc' dir='ltr'>δὲ</span> <span class='ocrx_word' id='word_1_283' title='bbox 1793 2395 1992 2444; x_wconf 81' lang='grc' dir='ltr'><strong><em>πειρᾶται</em></strong></span> 
     </span>
     <span class='ocr_line' id='line_1_31' title="bbox 433 2457 1385 2514; baseline 0.003 -16"><span class='ocrx_word' id='word_1_284' title='bbox 433 2457 502 2499; x_wconf 81' lang='grc' dir='ltr'>καὶ</span> <span class='ocrx_word' id='word_1_285' title='bbox 535 2459 690 2508; x_wconf 79' lang='grc' dir='ltr'><strong><em>ταύτας</em></strong></span> <span class='ocrx_word' id='word_1_286' title='bbox 723 2459 902 2512; x_wconf 74' lang='grc' dir='ltr'><strong><em>ἀνάγειν</em></strong></span> <span class='ocrx_word' id='word_1_287' title='bbox 934 2461 995 2509; x_wconf 77' lang='grc' dir='ltr'><strong><em>εἰς</em></strong></span> <span class='ocrx_word' id='word_1_288' title='bbox 1026 2460 1106 2513; x_wconf 83' lang='grc' dir='ltr'>τὴν</span> <span class='ocrx_word' id='word_1_289' title='bbox 1139 2459 1385 2514; x_wconf 84' lang='grc' dir='ltr'><strong><em>ὁμοιότητα.</em></strong></span> 
     </span>
    </p>

    <p class='ocr_par' dir='ltr' id='par_1_4' title="bbox 436 2529 1993 3013">
     <span class='ocr_line' id='line_1_32' title="bbox 552 2529 1992 2585; baseline 0.002 -15"><span class='ocrx_word' id='word_1_290' title='bbox 552 2529 802 2571; x_wconf 84' lang='lat' dir='ltr'>Extremum</span> <span class='ocrx_word' id='word_1_291' title='bbox 834 2533 911 2582; x_wconf 87' lang='lat' dir='ltr'>est,</span> <span class='ocrx_word' id='word_1_292' title='bbox 941 2533 989 2571; x_wconf 90' lang='lat' dir='ltr'>ut</span> <span class='ocrx_word' id='word_1_293' title='bbox 1019 2545 1147 2585; x_wconf 89' lang='lat' dir='ltr'>quam</span> <span class='ocrx_word' id='word_1_294' title='bbox 1178 2531 1290 2572; x_wconf 88' lang='lat' dir='ltr'>inter</span> <span class='ocrx_word' id='word_1_295' title='bbox 1321 2531 1543 2573; x_wconf 87' lang='lat' dir='ltr'>cerebrum</span> <span class='ocrx_word' id='word_1_296' title='bbox 1574 2534 1618 2572; x_wconf 87' lang='lat' dir='ltr'>et</span> <span class='ocrx_word' id='word_1_297' title='bbox 1642 2531 1834 2573; x_wconf 86' lang='lat' dir='ltr'>sensoria</span> <span class='ocrx_word' id='word_1_298' title='bbox 1863 2532 1992 2574; x_wconf 88' lang='lat' dir='ltr'>ratio-</span> 
     </span>
     <span class='ocr_line' id='line_1_33' title="bbox 436 2599 1991 2657; baseline 0.005 -19"><span class='ocrx_word' id='word_1_299' title='bbox 436 2613 532 2639; x_wconf 85' lang='lat' dir='ltr'>nem</span> <span class='ocrx_word' id='word_1_300' title='bbox 560 2599 821 2642; x_wconf 84' lang='lat' dir='ltr'>intercedere</span> <span class='ocrx_word' id='word_1_301' title='bbox 848 2602 1066 2655; x_wconf 83' lang='lat' dir='ltr'>putaverit</span> <span class='ocrx_word' id='word_1_302' title='bbox 1092 2616 1358 2657; x_wconf 75' lang='lat' dir='ltr'>quaeramus</span> <span class='ocrx_word' id='word_1_303' title='bbox 1405 2602 1639 2644; x_wconf 85' lang='lat' dir='ltr'>Oculorum</span> <span class='ocrx_word' id='word_1_304' title='bbox 1660 2602 1912 2657; x_wconf 86' lang='lat' dir='ltr'>auriumque</span> <span class='ocrx_word' id='word_1_305' title='bbox 1932 2603 1991 2645; x_wconf 87' lang='lat' dir='ltr'>in-</span> 
     </span>
     <span class='ocr_line' id='line_1_34' title="bbox 437 2670 1991 2727; baseline 0.003 -17"><span class='ocrx_word' id='word_1_306' title='bbox 437 2670 552 2710; x_wconf 65' lang='lat' dir='ltr'>doles</span> <span class='ocrx_word' id='word_1_307' title='bbox 581 2671 680 2712; x_wconf 83' lang='lat' dir='ltr'>talis</span> <span class='ocrx_word' id='word_1_308' title='bbox 709 2674 786 2726; x_wconf 81' lang='lat' dir='ltr'>est,</span> <span class='ocrx_word' id='word_1_309' title='bbox 817 2674 865 2712; x_wconf 86' lang='lat' dir='ltr'>ut</span> <span class='ocrx_word' id='word_1_310' title='bbox 893 2686 1021 2714; x_wconf 88' lang='lat' dir='ltr'>sonus</span> <span class='ocrx_word' id='word_1_311' title='bbox 1048 2672 1093 2713; x_wconf 92' lang='lat' dir='ltr'>in</span> <span class='ocrx_word' id='word_1_312' title='bbox 1119 2672 1215 2727; x_wconf 92' lang='lat' dir='ltr'>ipso</span> <span class='ocrx_word' id='word_1_313' title='bbox 1246 2673 1361 2714; x_wconf 88' lang='lat' dir='ltr'>auris</span> <span class='ocrx_word' id='word_1_314' title='bbox 1389 2687 1504 2726; x_wconf 88' lang='lat' dir='ltr'>cavo,</span> <span class='ocrx_word' id='word_1_315' title='bbox 1538 2673 1654 2714; x_wconf 89' lang='lat' dir='ltr'>visus</span> <span class='ocrx_word' id='word_1_316' title='bbox 1681 2673 1724 2714; x_wconf 93' lang='lat' dir='ltr'>in</span> <span class='ocrx_word' id='word_1_317' title='bbox 1752 2673 1845 2727; x_wconf 89' lang='lat' dir='ltr'>ipso</span> <span class='ocrx_word' id='word_1_318' title='bbox 1870 2674 1991 2716; x_wconf 91' lang='lat' dir='ltr'>oculo</span> 
     </span>
     <span class='ocr_line' id='line_1_35' title="bbox 438 2740 1992 2799; baseline 0.006 -21"><span class='ocrx_word' id='word_1_319' title='bbox 438 2740 612 2781; x_wconf 76' lang='lat' dir='ltr'>oriatur.</span> <span class='ocrx_word' id='word_1_320' title='bbox 662 2741 813 2796; x_wconf 85' lang='lat' dir='ltr'>Itaque</span> <span class='ocrx_word' id='word_1_321' title='bbox 847 2743 1008 2784; x_wconf 89' lang='lat' dir='ltr'>cerebri</span> <span class='ocrx_word' id='word_1_322' title='bbox 1041 2744 1212 2785; x_wconf 84' lang='lat' dir='ltr'>videtur</span> <span class='ocrx_word' id='word_1_323' title='bbox 1244 2743 1425 2798; x_wconf 81' lang='lat' dir='ltr'>efficere,</span> <span class='ocrx_word' id='word_1_324' title='bbox 1460 2746 1506 2785; x_wconf 87' lang='lat' dir='ltr'>ut</span> <span class='ocrx_word' id='word_1_325' title='bbox 1531 2758 1581 2785; x_wconf 86' lang='lat' dir='ltr'>ea</span> <span class='ocrx_word' id='word_1_326' title='bbox 1614 2758 1721 2799; x_wconf 86' lang='lat' dir='ltr'>quae</span> <span class='ocrx_word' id='word_1_327' title='bbox 1750 2745 1814 2786; x_wconf 86' lang='lat' dir='ltr'>vel</span> <span class='ocrx_word' id='word_1_328' title='bbox 1843 2745 1992 2787; x_wconf 90' lang='lat' dir='ltr'>oculus</span> 
     </span>
     <span class='ocr_line' id='line_1_36' title="bbox 441 2810 1993 2870; baseline 0.005 -21"><span class='ocrx_word' id='word_1_329' title='bbox 441 2810 541 2850; x_wconf 77' lang='lat' dir='ltr'>vidit</span> <span class='ocrx_word' id='word_1_330' title='bbox 581 2812 643 2851; x_wconf 74' lang='lat' dir='ltr'>vel</span> <span class='ocrx_word' id='word_1_331' title='bbox 683 2827 804 2854; x_wconf 83' lang='lat' dir='ltr'>aures</span> <span class='ocrx_word' id='word_1_332' title='bbox 842 2814 1067 2855; x_wconf 86' lang='lat' dir='ltr'>audierunt</span> <span class='ocrx_word' id='word_1_333' title='bbox 1107 2815 1349 2856; x_wconf 82' lang='lat' dir='ltr'>accuratius</span> <span class='ocrx_word' id='word_1_334' title='bbox 1388 2813 1717 2870; x_wconf 83' lang='lat' dir='ltr'>distinguamus.</span> <span class='ocrx_word' id='word_1_335' title='bbox 1783 2814 1993 2858; x_wconf 83' lang='lat' dir='ltr'>Similiter</span> 
     </span>
     <span class='ocr_line' id='line_1_37' title="bbox 439 2881 1991 2942; baseline 0.005 -21"><span class='ocrx_word' id='word_1_336' title='bbox 439 2884 588 2921; x_wconf 72' lang='lat' dir='ltr'>auctor</span> <span class='ocrx_word' id='word_1_337' title='bbox 615 2881 663 2922; x_wconf 88' lang='lat' dir='ltr'>de</span> <span class='ocrx_word' id='word_1_338' title='bbox 692 2883 768 2924; x_wconf 88' lang='lat' dir='ltr'>loc.</span> <span class='ocrx_word' id='word_1_339' title='bbox 795 2884 839 2924; x_wconf 91' lang='lat' dir='ltr'>in</span> <span class='ocrx_word' id='word_1_340' title='bbox 866 2884 979 2925; x_wconf 88' lang='lat' dir='ltr'>hom.</span> <span class='ocrx_word' id='word_1_341' title='bbox 1008 2886 1034 2925; x_wconf 81' lang='lat'><em>2</em></span> <span class='ocrx_word' id='word_1_342' title='bbox 1063 2883 1121 2940; x_wconf 81' lang='lat' dir='ltr'>(V</span> <span class='ocrx_word' id='word_1_343' title='bbox 1150 2887 1233 2927; x_wconf 61' lang='lat'>273</span> <span class='ocrx_word' id='word_1_344' title='bbox 1261 2884 1341 2942; x_wconf 74' lang='lat' dir='ltr'>L),</span> <span class='ocrx_word' id='word_1_345' title='bbox 1374 2901 1500 2940; x_wconf 86' lang='lat' dir='ltr'>quem</span> <span class='ocrx_word' id='word_1_346' title='bbox 1527 2886 1800 2928; x_wconf 87' lang='lat' dir='ltr'>Alcmaeonis</span> <span class='ocrx_word' id='word_1_347' title='bbox 1833 2887 1991 2928; x_wconf 86' lang='lat' dir='ltr'>librum</span> 
     </span>
     <span class='ocr_line' id='line_1_38' title="bbox 440 2952 1992 3013; baseline 0.005 -22"><span class='ocrx_word' id='word_1_348' title='bbox 440 2952 715 3005; x_wconf 78' lang='lat' dir='ltr'>exscripsisse</span> <span class='ocrx_word' id='word_1_349' title='bbox 744 2968 871 3008; x_wconf 87' lang='lat' dir='ltr'>supra</span> <span class='ocrx_word' id='word_1_350' title='bbox 898 2955 1098 2996; x_wconf 74' lang='lat' dir='ltr'>vidimus:</span> <span class='ocrx_word' id='word_1_351' title='bbox 1132 2963 1305 3011; x_wconf 84' lang='grc' dir='ltr'><strong><em>πρῶτον</em></strong></span> <span class='ocrx_word' id='word_1_352' title='bbox 1335 2956 1608 3011; x_wconf 80' lang='grc' dir='ltr'><strong><em>διατέτρηται</em></strong></span> <span class='ocrx_word' id='word_1_353' title='bbox 1633 2953 1661 3013; x_wconf 78' lang='grc' dir='ltr'><em>ᾗ</em></span> <span class='ocrx_word' id='word_1_354' title='bbox 1687 2957 1992 3012; x_wconf 85' lang='grc' dir='ltr'><strong><em>εἰσακούομεν·</em></strong></span> 
     </span>
    </p>
   </div>
  </div>
 </body>
</html>
