2125 3439
1009 201 1301 242 -40—

382 326 505 368 μενα·
549 309 647 365 περὶ
685 307 747 352 ὧν
785 308 972 362 ἀνάγκη,
1009 308 1066 361 ἤν
1102 321 1167 355 τις
1204 304 1396 361 ἐπιχειρῇ
1434 320 1475 347 τι
1514 302 1679 359 λέγειν,
1722 303 1936 348 ὑποθέσει

382 385 596 437 χρῆσθαι,
633 375 729 422 οἷον
767 377 865 433 περὶ
902 384 990 419 τῶν
1027 375 1256 431 μετεώρων
1295 375 1321 430 ἢ
1353 382 1440 418 τῶν
1473 375 1558 417 ὑπὸ
1592 380 1697 429 γῆν,
1735 375 1761 417 ἃ
1798 379 1843 417 εἴ
1873 391 1939 425 τις

383 452 497 506 λε’γοι
537 449 606 492 καὶ
640 450 874 504 γιγνώσκοι
913 447 971 496 ὡς
1006 448 1114 502 ἔχει,
1152 445 1245 489 οὐτ’
1281 446 1336 489 ἂν
1373 446 1490 503 αὐτῷ
1528 452 1588 503 τῷ
1627 444 1799 500 λέγοντι-
1838 446 1938 488 οὔτε

382 530 470 572 τοῖς
503 521 712 563 ἀκούουσι
745 520 856 573 δῆλα
888 517 942 559 ἂν
974 521 1040 571 εἴη
1073 521 1158 558 εἴτε
1191 515 1359 571 ἀληθέα
1391 515 1511 559 ἐστὶν
1542 521 1626 559 εἴτε
1659 518 1733 572 μή·
1770 516 1823 558 οὐ
1855 517 1939 571 γὰρ

383 594 471 633 ε”στι
503 591 611 645 πρὸς
642 589 664 630 ὅ
697 604 737 630 τι
769 589 851 643 χρὴ
883 587 1177 641 ἀνενέγκαντα
1209 586 1375 630 εἰδέναι
1406 589 1455 630 τὸ
1489 587 1637 643 σαφές.

501 660 693 710 Quocum
726 659 888 714 optime
921 658 1150 713 consentit,
1187 658 1299 713 quod
1332 672 1503 700 omnem
1536 658 1761 701 scientiam
1794 674 1816 701 e
1849 673 1940 701 sen-

383 733 500 773 sibus
534 744 708 772 manare
739 728 946 772 Alcmaeo
978 729 1174 771 docuisse
1207 728 1387 770 videtur.
1439 728 1562 779 Quod
1596 744 1855 785 quamquam
1889 745 1939 772 ex

383 804 442 845 eis
471 817 575 857 quae
603 817 623 843 e
649 801 762 842 libro
790 800 880 842 eius
909 802 1080 842 exstant
1106 800 1173 841 vel
1201 814 1308 854 quae
1336 799 1594 841 nominatim
1623 801 1662 842 ei
1688 801 1941 843 tribuuntur

382 889 467 916 non
489 874 638 926 elucet,
658 874 804 913 tamen
825 871 1019 913 concludi
1041 872 1186 925 potest
1218 885 1239 911 e
1259 869 1504 912 Phaedonis
1523 869 1738 913 Platonici
1763 888 1802 927 p.
1821 873 1877 914 69
1892 872 1941 927 B,

384 960 510 999 quem
535 944 678 985 locum
705 943 757 984 ab
787 942 1045 984 Alcmaeone
1077 940 1288 996 originem
1321 940 1500 995 petiisse
1526 940 1743 984 Hirzelius
1769 942 1937 985 demon-

384 1016 537 1057 stravit
558 1014 723 1071 (Herm.
743 1012 806 1054 XI
828 1011 951 1068 240):
978 1012 1000 1054 ὁ
1028 1010 1266 1067 ἐγκέφαλός
1287 1010 1404 1053 ἐστιν
1432 1011 1454 1053 ὁ
1479 1012 1555 1062 τὰς
1581 1013 1810 1067 αἰσθήσεις
1834 1027 1942 1068 παρ-

384 1085 494 1142 έχων
532 1092 610 1127 τοῦ
642 1084 819 1126 ἀκούειν
856 1084 927 1125 καὶ
966 1083 1075 1137 ὁρᾶν
1112 1081 1185 1124 καὶ
1223 1081 1563 1138 ὀσφραίνεσθαι·
1603 1082 1649 1125 ἐκ
1685 1084 1854 1126 τούτων
1893 1082 1942 1127 δὲ

384 1160 578 1212 γίγνοιτο
617 1157 762 1211 μνήμη
800 1153 871 1196 καὶ
910 1153 1036 1207 δόξα,
1075 1153 1122 1196 ἐκ
1160 1151 1208 1195 δὲ
1247 1155 1418 1208 μνήμης
1454 1152 1526 1196 καὶ
1564 1154 1693 1209 δόξης
1724 1155 1944 1210 λαβούσης

385 1229 431 1270 τὸ
458 1227 636 1281 ἠρεμεῖν
662 1227 770 1267 κατὰ
796 1231 930 1267 ταῦτα
956 1227 1189 1279 γίγνεσθαι
1216 1223 1468 1279 ἐπιστήμην.
1511 1224 1548 1266 Ε
1577 1239 1781 1267 sensuum
1807 1226 1943 1282 igitur

385 1297 734 1353 perceptionibus
774 1297 981 1338 memoria
1019 1296 1063 1338 in
1102 1296 1245 1337 anima
1283 1296 1464 1337 retentis
1504 1296 1644 1338 oritur
1676 1296 1798 1347 δόξαε
1836 1297 1942 1340 haec

387 1369 547 1424 optime
587 1383 683 1410 cum
722 1368 783 1409 eis
829 1381 936 1422 quae
975 1367 1100 1409 modo
1141 1367 1319 1422 exposui
1358 1362 1646 1408 consentiunt.
1709 1366 1792 1409 Sed
1835 1382 1943 1422 quae

386 1442 625 1494 sequuntur
657 1438 890 1480 offensione
922 1453 1009 1479 non
1041 1441 1200 1480 carent.
1256 1437 1408 1492 Itaque
1440 1436 1599 1479 Ioe‘lius
1633 1436 1812 1492 (Fichtes
1836 1438 1942 1480 Zeit-

385 1510 529 1563 schrift
549 1510 623 1563 fiir
648 1509 909 1562 Philosophie
934 1509 1001 1563 97,
1023 1507 1142 1564 226),
1169 1523 1264 1550 cum
1290 1508 1460 1563 saepius
1488 1508 1613 1549 Plato
1640 1507 1747 1549 talia
1770 1511 1821 1550 ut
1847 1523 1872 1549 a
1897 1523 1942 1551 se

386 1581 481 1636 ipso
503 1581 748 1636 excogitata
768 1580 960 1635 proferat
981 1578 1127 1634 (Meno
1150 1580 1202 1621 97
1218 1579 1276 1634 Ε,
1299 1579 1436 1622 Zeller
1456 1577 1496 1620 1⁵
1518 1580 1554 1634 1,
1574 1579 1673 1632 489,
1687 1578 1745 1635 2),
1766 1570 1954 1635 μνήμην

387 1656 429 1693 et
456 1651 589 1701 δόξαν
616 1666 639 1692 a
665 1651 845 1693 Platone
872 1650 1016 1692 addita
1042 1664 1135 1691 esse
1162 1652 1281 1691 ratus
1308 1664 1330 1691 e
1357 1649 1554 1691 sensibus
1577 1649 1816 1706 ἐπιστήμην
1837 1652 1942 1693 oriri

387 1723 692 1765 Alcmaeonem
724 1722 918 1764 docuisse
952 1723 1107 1763 censet.
1170 1721 1384 1776 Equidem
1421 1735 1517 1763 cum
1551 1720 1715 1762 Zellero
1755 1721 1805 1763 de
1838 1736 1941 1764 voce

389 1795 562 1848 ἠρεμεῖν
595 1793 758 1848 dubito,
791 1808 918 1848 quam
952 1792 987 1834 si
1015 1792 1304 1834 constantiam
1332 1791 1548 1847 opinionis
1580 1792 1738 1834 iterum
1771 1807 1819 1835 ac
1851 1807 1939 1835 sae-

387 1865 482 1919 pius
527 1863 639 1906 idem
685 1866 884 1919 expertae
930 1864 1076 1918 itaque
1122 1863 1399 1905 confirmatae
1442 1863 1687 1919 intelligere
1725 1877 1812 1906 non
1850 1879 1947 1920 pos·

389 1951 534 1978 sumus
561 1938 761 1990 recteque
788 1936 1101 1990 interpretatus
1128 1938 1195 1976 est
1218 1932 1536 1990 Aristoteles¹)‚
1564 1933 1945 1977 Alcmaeonianam

389 2022 474 2048 non
514 2021 605 2048 esse
651 2009 832 2048 constat.
895 2006 1073 2048 Accedit
1112 2006 1225 2060 quod
1263 2020 1315 2046 ne
1353 2005 1472 2060 prior
1517 2005 1689 2060 quidem
1734 2005 1947 2047 enuntiati

388 2092 504 2132 pars,
543 2092 650 2132 quae
690 2080 755 2118 est
799 2077 848 2118 de
887 2076 1102 2131 sensibus,
1143 2076 1338 2118 Platonis
1376 2090 1528 2118 manus
1566 2091 1653 2118 non
1691 2076 1835 2130 prodit
1873 2074 1945 2132 (cf.

389 2162 485 2204 pag.
512 2150 567 2190 53
599 2164 638 2189 n.
665 2147 722 2204 4).

509 2218 589 2260 Sed
616 2219 702 2260 iam
735 2233 840 2273 quae
867 2219 917 2260 de
944 2218 1126 2275 singulis
1154 2218 1352 2261 sensibus
1372 2217 1577 2260 Alcmaeo
1611 2218 1805 2260 docuerit
1829 2218 1945 2260 vide-

391 2304 524 2331 amus.

1024 2355 1198 2400 Fragm.
1229 2354 1314 2390 111.

507 2431 753 2486 Theophr.
787 2431 843 2474 de
875 2446 1026 2473 sensu
1053 2433 1108 2473 25
1136 2430 1276 2487 (Dox.
1305 2431 1404 2487 506,
1424 2430 1516 2487 23):
1550 2430 1728 2474 ἀκούειν
1759 2429 1839 2487 μὲν
1864 2429 1947 2475 οὖν

391 2515 497 2557 φησι
536 2510 625 2551 τοῖς
663 2503 791 2556 ὠσίν,
830 2504 943 2544 διότι
980 2503 1110 2544 κενὸν
1148 2502 1195 2544 ἐν
1227 2501 1376 2552 αὐτοῖς
1407 2501 1657 2558 ἐνυπάρχει·
1695 2509 1825 2546 τοῦτο
1863 2504 1945 2559 γὰρ

392 2574 523 2626 ἠχεῖν.
585 2571 861 2626 φθέγγεσθαι
894 2570 941 2615 δὲ
973 2579 1031 2629 τῷ
1065 2575 1214 2631 κοίλῳ,
1247 2574 1324 2615 τὸν
1355 2572 1461 2628 ἀέρα
1494 2569 1534 2615 δ’
1570 2573 1786 2629 ἀντηχεῖν.

512 2705 542 2737 1)
570 2702 666 2735 anal.
693 2700 818 2745 priora
849 2700 880 2735 II
910 2705 950 2736 19
976 2713 1061 2747 pag.
1086 2707 1152 2737 100
1178 2714 1200 2737 a
1220 2706 1257 2737 3:
1291 2698 1331 2737 ἐκ
1363 2699 1432 2747 μὲν
1464 2699 1530 2737 οὖν
1564 2699 1773 2746 αἰσθήσεως
1798 2702 1946 2748 ’γίνεται

393 2758 526 2803 μνήμη,
554 2758 671 2803 ὥσπερ
699 2758 861 2804 λέγομεν,
889 2757 928 2796 ἐκ
950 2759 990 2796 δὲ
1011 2760 1156 2806 μνήμης
1180 2760 1356 2801 πολλάκις
1380 2766 1445 2795 τοῦ
1465 2761 1580 2796 αὐτοῦ
1599 2759 1796 2806 γινομένης
1822 2757 1947 2806 ἐμπει-

395 2819 472 2861 ρία·
506 2846 606 2853 .....
623 2815 661 2852 ἐκ
689 2817 724 2852 δ’
755 2816 945 2864 ἐμπειρίας
976 2818 998 2863 ἢ
1026 2817 1065 2855 ἐκ
1092 2820 1230 2861 παντὸς
1256 2819 1508 2866 ἠρεμήσαντος
1538 2825 1603 2855 τοῦ
1636 2818 1804 2855 καθόλου
1836 2816 1877 2855 ἐν
1902 2825 1946 2866 τῇ

396 2881 506 2920 ψυχῇ,
533 2882 596 2910 tuf·
624 2873 704 2916 ἑνὸς
730 2878 831 2921 παρὰ
857 2878 901 2912 τὰ
927 2879 1060 2923 πολλά,
1087 2878 1105 2916 ὃ
1133 2878 1179 2914 ἂν
1207 2876 1246 2914 εἰν
1272 2879 1411 2914 ἅπασιν
1434 2877 1478 2914 (ἐν
1505 2875 1570 2925 ἐνῇ
1597 2875 1754 2920 ἐκείνοις
1777 2879 1818 2914 τὸ
1845 2878 1947 2924 αὐτό,

394 2935 520 2979 τέχνης
547 2935 637 2980 ἀρχὴ
666 2935 728 2970 καὶ
754 2933 962 2982 ἐπιστήμης.
