2125 3439
470 345 516 387 ὸὲ
543 353 670 387 τοῦτο
696 351 776 387 τοῦ
803 343 929 401 ζςόου·
961 344 1031 386 καὶ
1060 346 1082 387 ὁ
1108 347 1240 394 τόπος
1267 344 1328 398 δέ,
1355 347 1417 395 εἰς
1442 345 1494 387 ὃν
1520 346 1545 400 ἡ
1571 349 1790 401 καταβολή
1819 371 1864 376 ——
1891 349 2031 402 μήτρα

470 414 517 457 ὸὲ
550 416 657 470 αὕτη
691 440 755 469 -,
788 415 906 456 ἐστὶν
937 416 1187 470 θερμοτέρα
1218 415 1289 457 καὶ
1322 415 1490 458 ἐοικυῖα
1523 416 1691 474 ἐκείνῳ·
1730 418 1778 459 τὸ
1819 414 1861 459 δ’
1892 417 2032 468 εὀικός

468 503 554 527 τινι
580 486 682 528 τάτὸ
710 487 893 527 δύναται
926 482 958 542 ᾧ
987 488 1140 528 ἔοικεν.
1200 485 1291 528 ἐπεὶ
1318 486 1365 528 δὲ
1395 489 1443 529 τὸ
1470 489 1790 539 κατασκευάζον
1816 488 2030 543 ἀμέτοχόν

470 557 560 598 ε’στι
594 563 765 611 ψυχροῦ
797 555 868 597 καὶ
895 557 917 599 ὁ
943 559 1075 607 τόπος
1107 556 1171 610 δέ,
1204 557 1252 599 ἐν
1284 553 1317 614 ᾧ
1351 558 1377 612 ἡ
1410 560 1646 613 καταβολή,
1679 559 1886 614 ἆμέτοχός
1911 559 2030 601 ἐστιν

471 634 663 682 ψυχροῦ,
708 628 844 681 δῆλον
889 627 954 669 ὅτι
998 627 1069 669 καὶ
1113 629 1161 669 τὸ
1199 631 1629 683 κατασκευαζόμενον
1675 632 1786 686 ζῷον
1828 635 2031 671 τοιοῦτον

469 701 674 751 γίγνεται.
727 699 788 747 εἰς
816 696 864 739 δὲ
890 699 1049 740 τούτου
1076 700 1155 752 τὴν
1182 701 1453 753 κατασκευὴν
1485 700 1729 754 ὑπομνήσει
1760 707 2030 755 προσχρῆται

467 769 661 823 τοιαύτῃ·
700 770 805 822 μετὰ
843 769 924 822 γὰρ
963 770 1043 822 τὴν
1076 769 1239 819 ε’κτεξιν
1278 770 1446 819 εὐθέως
1482 773 1530 812 τὸ
1565 773 1674 827 ζῷον
1713 770 1943 813 ἐπισπᾶται
1981 771 2030 811 τὸ

467 839 588 889 ε’κτὸς
619 847 790 892 πνεῦμα
822 842 993 894 ψυχρὸν
1028 842 1097 881 ὄν·
1130 838 1220 881 εἶτα
1245 841 1379 882 πάλιν
1405 840 1644 894 καθαπερεὶ
1673 841 1799 896 χρέος
1825 840 2029 895 ἐκπέμπει

467 911 586 952 αὐτό.
649 912 720 952 διὰ
758 917 886 952 τοῦτο
925 911 979 964 δὴ
1018 910 1089 952 καὶ
1128 912 1269 964 ὄρεξις
1306 917 1385 952 τοῦ
1418 911 1539 961 ε’κτὸς
1568 913 1834 966 πνεύματος,
1872 912 1946 953 ἵνα
1980 918 2031 966 τῇ

467 981 702 1039 ἐπεισάκτῳ
736 987 814 1023 τοῦ
845 982 1089 1035 πνεύματος
1130 981 1234 1036 ὁλκῇ
1273 984 1519 1035 θερμότερα
1558 983 1809 1037 ὑπάρχοντα
1848 982 1898 1023 τὰ
1930 981 2030 1036 ἡμέ-

465 1068 567 1106 τερα
600 1054 775 1106 σώματα
807 1053 914 1105 πρὸς
946 1052 1083 1093 αὐτοῦ
1115 1053 1426 1106 καταψύχηται.
1489 1053 1560 1094 καὶ
1594 1054 1672 1107 τὴν
1705 1051 1784 1107 μὲν
1818 1053 2030 1094 σύστασιν

465 1131 552 1164 τῶν
587 1122 805 1177 ἡμετέρων
844 1123 1056 1177 σωμάτων
1095 1123 1142 1164 έν
1181 1124 1353 1173 τούτοις
1391 1126 1544 1178 φησίν·
1584 1123 1700 1178 λέγει
1739 1122 1787 1166 δὲ
1826 1127 2030 1178 γίνεσθαι

468 1194 545 1242 τὰς
576 1196 737 1243 νόσους
770 1194 842 1234 διά
874 1209 917 1234 τε
951 1195 1087 1248 χολὴν
1119 1193 1189 1235 καὶ
1224 1188 1329 1248 αἷμα
1361 1193 1432 1236 καὶ
1458 1194 1644 1250 φλέγμα,
1677 1194 1815 1250 ἀρχὴν
1843 1192 1890 1236 δὲ
1918 1197 2031 1248 γίνε-

468 1268 574 1306 σθαι
612 1272 699 1306 τῶν
738 1266 885 1306 νόσων
923 1270 1074 1306 ταῦτα·
1121 1264 1429 1307 ἀποτελεῖσθαι
1470 1264 1522 1307 δέ
1556 1277 1663 1320 φησι
1708 1267 1755 1307 τὸ
1800 1263 1881 1320 μὲν
1924 1259 2030 1320 αἷμα

467 1338 582 1390 παχὺ
614 1333 694 1390 μὲν
721 1337 802 1376 ἔσω
836 1334 1224 1390 παραθλιβομένης
1255 1343 1331 1390 τῆς
1357 1338 1529 1390 σαρκός,
1563 1338 1720 1378 λεπτὸν
1751 1334 1799 1378 δὲ
1826 1339 2031 1390 γίνεσθαι

466 1405 790 1461 διαιρουμένων
821 1414 909 1447 τῶν
942 1405 988 1448 ἐν
1022 1413 1072 1461 τῇ
1105 1405 1232 1460 σαρκὶ
1265 1406 1466 1460 ἀγγείων.
1528 1408 1576 1448 τὸ
1616 1405 1663 1449 δὲ
1702 1406 1874 1461 φλέγμα
1907 1409 2029 1448 συνί-

467 1482 656 1519 στασθαι
696 1477 779 1519 ἀπὸ
818 1485 905 1519 τῶν
944 1478 1122 1531 ὄμβρων
1161 1480 1281 1532 φησί.
1344 1476 1459 1530 λέγει
1505 1475 1552 1519 δὲ
1595 1479 1676 1532 τὴν
1715 1478 1849 1532 χολὴν
1895 1479 2030 1533 ἰχῶρα

465 1545 578 1590 εἶναι
610 1555 686 1602 τῆς
718 1550 889 1602 σαρκός.
939 1548 1189 1602 παράδοξον
1223 1546 1270 1589 ὁὲ
1297 1548 1427 1598 αὑτὸς
1458 1548 1570 1603 ἀνὴρ
1604 1547 1674 1590 ἐπὶ
1698 1549 1858 1591 τούτου
1883 1555 2030 1590 κεινεῖ.

465 1618 580 1672 λέγει
620 1620 702 1673 γὰρ
741 1617 849 1673 μηὸὲ
888 1620 1094 1674 τετάχθαι
1135 1618 1204 1660 ἐπὶ
1242 1626 1300 1676 τῷ
1340 1619 1469 1673 ’ἥπατι
1508 1621 1665 1674 χολήν,
1708 1621 1844 1674 ἰχῶρα
1881 1612 2030 1673 μέντοι

465 1697 538 1743 τῆς
577 1692 736 1744 σαρκὸς
774 1687 887 1731 εἶναι
925 1691 1005 1744 τὴν
1045 1691 1197 1745 χολήν·
1236 1691 1284 1731 τὸ
1324 1688 1357 1731 τ’
1398 1687 1453 1732 αὖ
1491 1689 1663 1745 φλέγμα
1694 1697 1782 1731 τῶν
1813 1692 2030 1731 πλείστων

463 1763 634 1816 ψυχρὸν
678 1758 791 1802 εἶναι
837 1763 1057 1814 λεγόντων
1102 1760 1233 1810 αὐτὸς
1275 1763 1446 1815 θερμὸν
1490 1767 1539 1816 τῇ
1578 1762 1709 1815 φύσει
1754 1761 2029 1803 ὑποτίθεται·

466 1832 549 1873 ἀπὸ
583 1833 665 1886 γὰρ
697 1839 776 1874 τοῦ
808 1830 988 1886 φλέγειν
1021 1831 1192 1886 φλέγμα
1226 1833 1448 1886 εἰρῆσθαι·
1481 1833 1614 1887 ταύτῃ
1644 1831 1691 1873 δὲ
1724 1831 1794 1873 καὶ
1821 1832 1872 1873 τὰ
1899 1835 2030 1885 φλεγ-

463 1906 675 1957 μαίνοντα
701 1909 858 1958 μετοχῇ
884 1909 962 1945 τοῦ
983 1901 1229 1957 φλέγματος
1248 1905 1518 1958 φλεγμαίνει.
1567 1901 1640 1944 καὶ
1667 1910 1800 1945 ταῦτα
1822 1903 1875 1957 δὴ
1897 1901 2030 1958 ἀρχὰς

464 1982 550 2014 τῶν
584 1975 730 2015 νόσων
769 1974 1047 2027 ὑποτίθεται,
1086 1975 1276 2027 συνεργὰ
1316 1972 1364 2015 δὲ
1402 1974 1650 2028 ὑπερβολάς
1687 1990 1731 2015 τε
1771 1975 2029 2028 θερμασίας,

464 2051 643 2099 τροφῆς,
675 2045 953 2094 καταψύξεως
985 2043 1010 2098 3}
1046 2045 1216 2094 ἐνδείας
1247 2052 1336 2086 τῶν
1367 2046 1538 2094 τούτοις
1568 2047 1894 2099 παραπλησίων.

582 2115 795 2157 Heracliti
841 2115 1100 2157 auctoritate
1139 2116 1302 2157 factum
1344 2130 1435 2157 esse
1479 2119 1674 2170 apparet,
1718 2119 1767 2157 ut
1804 2115 2028 2157 Philolaus

462 2187 750 2227 numerandus
797 2187 853 2227 sit
897 2187 1009 2227 inter
1051 2188 1153 2235 τοὺς
1197 2187 1414 2228 ὑπόθεσιν
1459 2187 1618 2235 αὐτοὺς
1667 2186 1816 2235 αὐτοῖς
1864 2186 2028 2228 ὑποθε-

463 2256 622 2310 μένους
660 2264 717 2313 τῷ
759 2259 874 2313 λόγῳ
915 2258 1087 2311 θερμὸν
1125 2257 1150 2311 3}
1190 2259 1360 2312 ψυχρὸν
1399 2257 1424 2311 3}
1463 2257 1596 2311 ξηρὸν
1635 2257 1660 2311 3}
1693 2257 1831 2310 ὑγρὸν
1871 2257 1895 2311 3}
1929 2253 2023 2299 ἄλλ’

463 2328 485 2368 ὅ
515 2345 554 2369 τι
581 2327 635 2368 ἂν
663 2328 866 2382 ἐθέλωσι,
899 2343 1006 2383 quos
1030 2328 1389 2370 Alcmaeonianae
1417 2328 1636 2370 doctrinae
1665 2329 1840 2370 asseclis
1867 2327 2027 2383 opponi

463 2400 516 2439 ab
551 2402 723 2440 auctore
758 2400 807 2441 de
834 2400 976 2454 prisca
1004 2400 1214 2441 medicina
1245 2414 1341 2454 pag.
1370 2401 1422 2441 81
1452 2399 1649 2440 vidimus.
1699 2398 1849 2453 Neque
1881 2401 2026 2440 tamen

462 2469 532 2510 ille
566 2470 649 2511 sihi
683 2473 854 2512 constat
886 2474 934 2512 ut
967 2471 1208 2526 eclecticus‚
1239 2471 1371 2512 immo
1407 2486 1454 2512 eo
1488 2474 1602 2511 certe
1637 2470 1689 2511 ab
1717 2470 1778 2511 eis
1811 2469 2026 2523 dissentit,

463 2541 573 2594 quod
608 2542 659 2582 ad
692 2541 833 2582 morbi
868 2541 1080 2596 originem
1112 2541 1408 2595 explicandam
1441 2555 1567 2582 sucos
1601 2536 1809 2582 advocare
1843 2540 2026 2594 mavult3

461 2613 531 2652 scd
567 2615 717 2666 utpote
750 2611 1086 2666 Hippocraticus
1121 2612 1259 2667 inagis
1301 2626 1428 2666 quam
1461 2611 1824 2653 Alcmaeonianus
1857 2611 2025 2653 tetrade

462 2698 608 2723 eorum
636 2683 882 2737 acquiescit.
947 2683 1040 2732 Qua
1071 2683 1116 2724 in
1148 2698 1193 2724 re
1227 2683 1420 2739 argutias
1452 2681 1674 2737 profert¹)‚
1708 2683 1855 2737 quales
1889 2682 2024 2736 philo-

463 2754 645 2807 sophum
679 2754 824 2808 potius
859 2769 987 2808 quam
1021 2755 1232 2796 modicum
1267 2754 1490 2795 redoleant
1523 2753 1791 2807 maximeque
1826 2753 2026 2794 recedant

462 2825 514 2864 ab
549 2840 592 2865 cn
631 2841 713 2878 qua
747 2825 949 2867 Alcmaeo
982 2826 1121 2866 utitur
1153 2826 1223 2867 via
1255 2840 1303 2867 ac
1336 2826 1514 2867 ratione.

586 2977 615 3019 1)
640 2974 692 3008 Ct'.
720 2975 917 3011 Dielesium
947 2977 1068 3011 Herm.
1098 2977 1248 3011 xxvlli
1272 2981 1352 3011 419.
