2125 3439
1024 257 1079 262 -.
1149 231 1320 272 34.-

931 573 1196 621 Altera
1245 588 1436 636 pars,

1035 741 1316 798 Fragmenta.

1060 874 1235 918 Fragm.
1261 873 1297 909 Ι.

519 965 680 1006 La'ert.
709 964 852 1018 Diog.
874 961 980 1003 VIII
1003 962 1076 1002 83:
1098 960 1344 1016 Ἀλκμαίων
1364 962 1673 1015 Κροτωνιήτης
1698 960 1802 1002 τάδε
1828 959 1959 1014 ἔλεξε,

401 1039 621 1090 Πειρίθου
652 1035 760 1087 υἱός,
792 1035 1018 1090 Βροντίνῳ
1050 1031 1122 1074 καὶ
1154 1031 1314 1074 Λέοντι
1346 1030 1417 1073 καὶ
1448 1033 1690 1087 Βαθύλλω·
1726 1029 1840 1086 Περὶ
1870 1039 1959 1073 τῶν

399 1105 620 1161 ἀφανέων,
651 1103 750 1160 περὶ
782 1111 870 1146 τῶν
901 1108 1080 1158 θνητῶν
1113 1105 1356 1158 σαφήνειαν
1388 1100 1468 1157 μὲν
1493 1100 1593 1144 θεοὶ
1627 1104 1787 1157 ἔχοντι·
1820 1102 1879 1151 ὡς
1910 1099 1959 1143 δὲ

400 1177 654 1231 ἀνθρώποις
685 1177 995 1229 τεκμαίρεσθαι
1027 1172 1098 1216 καὶ
1129 1174 1181 1215 τὰ
1214 1172 1320 1228 ἑξῆς.
1357 1198 1407 1203 -

519 1259 604 1301 Suo
637 1259 727 1300 iure
759 1259 992 1300 haeserunt
1030 1257 1112 1298 viri
1145 1257 1260 1299 docti
1298 1257 1344 1298 in
1375 1257 1554 1300 vocibus
1591 1255 1691 1312 περὶ
1729 1263 1818 1299 τῶν
1849 1261 1959 1310 θνη-

399 1338 501 1383 τῶν,
536 1345 643 1384 quae
670 1345 797 1371 sensu
825 1331 981 1371 carent.
1033 1327 1147 1370 Nam
1179 1327 1262 1385 eil)
1296 1328 1386 1370 sine
1414 1328 1543 1370 dubio
1572 1330 1719 1370 errant
1751 1327 1824 1382 qui
1851 1341 1958 1381 quae

400 1401 560 1443 tradita
598 1404 699 1443 sunt
737 1399 897 1443 servari
934 1414 1060 1454 posse
1100 1399 1384 1454 arbitrantur,
1423 1399 1507 1441 rati
1538 1398 1844 1441 Alcmaeonem
1883 1400 1959 1438 aut

399 1487 502 1514 voce
534 1471 741 1526 ἀφανέων
774 1471 918 1513 divina
955 1474 1030 1512 aut
1062 1485 1164 1512 voce
1195 1474 1376 1525 θνητῶν
1408 1485 1457 1511 ea
1498 1484 1606 1524 quae
1639 1469 1836 1511 sensibus
1868 1483 1961 1523 per-

401 1543 619 1598 cipiuntur
651 1543 927 1598 significasse.
978 1541 1145 1583 Neutra
1171 1541 1285 1583 enim
1311 1540 1614 1595 interpretatio
1642 1540 1732 1581 sine
1759 1539 1960 1595 molestia

401 1614 503 1655 ferri
542 1616 687 1668 potest
729 1627 865 1668 neque
909 1612 1036 1654 facile
1076 1615 1143 1653 est
1185 1611 1429 1667 intellectu,
1473 1627 1548 1654 cur
1592 1610 1828 1653 sententiae
1872 1610 1959 1651 vim

399 1699 602 1739 perversa
627 1684 900 1738 oppositione
935 1683 1137 1724 Alcmaeo
1165 1682 1475 1736 debilitaverit,
1513 1697 1610 1724 cum
1645 1681 1785 1723 solitis
1816 1680 1959 1723 verbis

404 1756 549 1810 eisque
583 1755 721 1796 multo
754 1753 1099 1795 distinctioribus
1136 1753 1201 1794 uti
1234 1752 1273 1794 ei
1304 1751 1490 1795 licuerit.>
1547 1751 1698 1807 Neque
1730 1755 1877 1794 tamen
1908 1752 1960 1793 ad

400 1826 565 1880 Zesseri,
592 1825 745 1867 Cobeti
773 1823 837 1881 (in
863 1823 1028 1866 Lae’rtii
1055 1824 1154 1866 edit.
1179 1824 1205 1865 1.
1232 1822 1291 1880 1.),
1319 1823 1564 1879 Gomperzii
1592 1822 1775 1879 (Griech.
1797 1822 1962 1864 Denker

399 1896 416 1937 Ι
449 1895 551 1951 119)
583 1899 729 1951 partes
762 1896 962 1938 accedam
1001 1895 1073 1951 qui
1104 1895 1507 1950 interpretationem
1544 1895 1666 1937 illam
1699 1897 1813 1936 recte
1847 1909 1962 1949 sper-

399 1970 550 2008 nentes
583 1968 713 2008 verba
746 1965 845 2021 περὶ
878 1974 965 2008 τῶν
997 1971 1178 2020 θνητῶν
1214 1969 1264 2007 ut
1296 1966 1560 2009 extrinsecus
1599 1965 1862 2020 interpolata
1893 1965 1960 2006 de-

400 2038 525 2080 lenda
569 2053 660 2080 esse
710 2040 884 2093 putant3
936 2052 1196 2093 quamquam
1241 2037 1372 2079 etiam
1416 2037 1501 2079 Ioa.
1539 2038 1681 2079 Iacob.
1719 2036 1959 2090 Reiskium,

400 2110 520 2151 cuius
547 2110 744 2165 egregiae
770 2109 815 2150 in
834 2108 1057 2150 Laertium
1078 2108 1319 2164 Diogenem
1348 2108 1738 2150 animadversiones
1765 2123 1786 2149 e
1814 2108 1959 2150 codice

400 2180 636 2222 Havniensi
675 2183 898 2235 excerptas
937 2180 981 2221 in
1012 2179 1198 2221 Hermae
1237 2180 1320 2222 vol.
1352 2179 1497 2221 XXIV
1531 2180 1616 2222 302
1632 2194 1721 2235 sqq.
1756 2192 1958 2234 magnam

400 2255 567 2306 partem
599 2251 762 2306 publici
793 2251 900 2292 iuris
933 2251 1071 2292 factas
1103 2250 1308 2306 invenies,
1341 2251 1542 2292 similiter
1567 2250 1654 2292 illis
1680 2251 1762 2292 hoe
1787 2250 1838 2291 de
1865 2249 1958 2291 loco

400 2323 610 2365 iudicasse
650 2322 863 2364 Dielesius
909 2338 993 2378 qua
1030 2325 1097 2364 est
1140 2322 1410 2378 benignitate
1456 2323 1684 2364 certiorem
1728 2336 1796 2363 me
1841 2320 1959 2362 facit.

404 2393 640 2436 Annotavit
684 2394 799 2436 enim
841 2393 887 2434 in
930 2393 1225 2448 manuscripto
1270 2408 1347 2435 suo
1391 2393 1540 2436 libello
1583 2392 1788 2435 Reiskius
1835 2391 1958 2434 haee:

401 2465 522 2506 ‘Post
553 2463 653 2519 περὶ
683 2472 772 2506 τῶν
803 2463 1011 2519 ἀφανέων
1044 2464 1283 2506 addendum
1316 2465 1354 2518 ἤ.
1417 2464 1566 2506 Nolim
1605 2467 1750 2505 tamen
1785 2466 1960 2506 conten-

401 2536 497 2576 dere
530 2536 634 2577 haee
659 2536 790 2578 verba
814 2549 901 2577 non
928 2538 1003 2577 aut
1029 2550 1054 2576 a
1079 2534 1252 2577 La'ertio
1287 2538 1361 2577 aut
1387 2536 1440 2577 ab
1468 2535 1553 2577 alio
1587 2535 1773 2590 quodam
1807 2533 1954 2576 sedulo

403 2607 561 2647 lectore
595 2606 833 2661 explicandi
867 2606 1009 2662 gratia
1040 2620 1216 2661 aspersa
1248 2605 1408 2647 fuisse.'
1471 2605 1552 2654 Qui
1589 2620 1736 2647 omnes
1770 2605 1842 2659 qui
1874 2604 1958 2646 fac-

403 2680 494 2718 tum
534 2678 590 2718 sit
628 2680 676 2718 ut
715 2678 929 2732 glossema
972 2678 1085 2731 quod
1130 2680 1287 2732 putant
1330 2675 1430 2732 περὶ
1466 2684 1554 2718 τῶν
1591 2680 1772 2731 θνητῶν
1817 2676 1957 2718 verbis

402 2746 498 2801 περὶ
524 2755 610 2788 τῶν
636 2747 841 2802 ἀφανέων
868 2748 1096 2790 adderetur
1121 2748 1334 2802 explicare
1360 2748 1609 2803 neglegunt.
1654 2746 1745 2790 Nec
1772 2747 1956 2789 multum

523 2914 556 2955 1)
583 2912 639 2946 lta
666 2911 770 2945 Unna
802 2912 825 2946 l.
853 2912 877 2946 l.
904 2924 986 2957 pag.
1016 2916 1076 2954 633
1104 2913 1206 2958 Krug
1231 2913 1381 2958 Allyem.
1409 2911 1744 2948 Handwo'rtcrbuch
1769 2911 1803 2947 d.
1828 2911 1957 2956 philos⁴

411 2972 516 3007 Wz‘ss.
544 2983 569 3004 s.
598 2983 630 3005 v.
663 2970 885 3015 Alkmae0n3
920 2972 1176 3006 Dictionnaire
1201 2972 1261 3006 cles
1285 2972 1439 3007 sciences
1459 2972 1589 3017 philos.
1618 2972 1629 3004 1
1657 2983 1684 3006 s.
1713 2984 1745 3006 v.
1767 2970 1956 3005 Alcmeon.
