2125 3439
805 274 1094 315 -85-

171 394 248 421 sua
268 379 483 435 habuerit,
510 379 571 421 ita
599 383 646 421 ut
671 379 776 421 haec
804 379 961 434 priora,
988 379 1062 421 illa
1082 379 1326 434 posteriora
1346 395 1437 421 esse
1466 381 1508 421 in
1529 383 1732 435 promptu

172 450 240 492 sit.
303 449 453 505 Neque
488 450 602 491 enim
635 449 822 504 intelligi
854 464 1000 505 posse,
1032 465 1162 504 quare
1195 453 1310 492 retro
1343 451 1494 505 pedem
1528 452 1732 494 Alcmaeo

171 520 331 562 tulerit.
385 521 442 562 At
476 535 572 562 cum
599 520 736 561 omnis
767 519 1054 575 philosophia,
1089 522 1284 575 quamvis
1312 521 1469 563 rationi
1498 523 1733 577 indulgeat,

168 591 212 632 in
245 591 443 633 sensibus
475 590 641 632 nitatur
671 604 844 631 necesse
877 590 948 645 sit,
980 594 1078 631 anto
1113 592 1234 632 illam
1267 594 1521 646 συστοιχίαν
1554 594 1606 634 ab
1639 594 1732 634 Ari-

169 661 325 704 stotele
351 661 558 702 traditam
584 660 716 702 etiam
737 660 1112 716 Pythagoreorum
1140 662 1242 703 olim
1269 662 1489 704 exstitisse
1517 664 1731 705 infinitam

167 731 438 775 sensibilium
459 732 776 774 contrariorum
797 732 991 773 tabulam
1017 747 1141 774 nemo
1163 733 1351 788 negabit.
1397 733 1510 775 Nam
1532 734 1731 776 decadem

166 803 286 845 illam
319 803 633 846 conclamatam
671 803 843 844 nonnisi
877 803 1059 845 electam
1094 817 1187 844 esse
1226 806 1466 845 ceterorum
1500 806 1732 847 contrario-

134 903 138 906 ·
167 889 262 916 rum
289 889 311 916 e
336 889 515 916 numero
542 875 586 915 in
613 877 817 929 promptu
844 877 925 928 est,
957 874 1212 929 praesertim
1244 888 1341 916 cum
1375 875 1519 929 plures
1554 876 1731 918 decades

167 945 300 987 fuisse
329 944 578 1000 Simplicius
605 948 752 987 narret
778 943 841 1001 (in
867 945 988 1000 phys.
1016 945 1083 999 26,
1110 945 1165 987 26
1193 943 1348 1000 Diels).
1405 944 1497 986 Iam
1532 947 1732 987 couceda-

164 1030 260 1057 mus
294 1015 669 1071 Pythagoreorum
702 1016 918 1070 tabulam‚
957 1016 1128 1071 qualem
1161 1016 1295 1057 tradit
1327 1015 1607 1071 Aristoteles,
1646 1018 1731 1058 iam

164 1087 469 1129 Alcmaeonem
500 1086 732 1142 novisse¹):
767 1086 867 1142 quid
902 1087 1066 1129 medico
1101 1102 1197 1129 cum
1229 1086 1412 1142 argutiis
1440 1087 1566 1128 istis?
1617 1087 1730 1129 Nam

165 1173 295 1213 quam
321 1158 370 1199 de
396 1158 588 1212 corporis
615 1157 791 1200 humani
814 1161 971 1199 natura
996 1158 1246 1213 prolaturus
1267 1161 1360 1199 erat
1380 1158 1621 1199 doctrinam
1647 1159 1731 1200 nisi

165 1244 186 1271 e
214 1229 442 1271 contrariis
463 1243 542 1270 usu
565 1229 752 1284 cognitis
775 1229 978 1284 colligere
998 1244 1084 1270 non
1105 1230 1262 1284 potuit.
1312 1229 1464 1283 Itaque
1493 1230 1732 1285 regredien-

164 1300 265 1342 dum
295 1300 332 1341 ei
363 1302 473 1354 erat,
503 1301 731 1356 συστοιχίᾳ
760 1300 851 1341 sine
881 1300 1210 1354 reprehensione
1241 1300 1449 1355 neglecta,
1483 1301 1533 1341 ad
1558 1313 1729 1343 συστοι-

163 1373 259 1426 χίας
280 1370 572 1425 sundamenta‚
598 1370 638 1412 h.
657 1385 690 1413 e.
718 1371 769 1412 ad
792 1385 840 1411 ea
862 1371 1080 1412 contraria
1108 1385 1214 1425 quae
1237 1371 1279 1412 in
1301 1371 1498 1413 sensibus
1519 1371 1729 1413 nituntur.

280 1441 412 1484 Vides
450 1442 542 1483 fieri
574 1441 786 1497 potuisse,
818 1444 866 1483 ut
896 1444 1127 1496 utrumque
1161 1442 1393 1497 accideret,
1432 1456 1569 1497 neque
1613 1446 1729 1484 recte

164 1513 322 1556 erroris
362 1513 532 1568 culpam
570 1513 614 1554 in
654 1512 938 1555 Aristotelem
979 1512 1260 1569 Sanclerum2)
1300 1513 1504 1555 conferre.
1569 1513 1729 1555 Utrum

164 1599 312 1626 verum
351 1584 424 1634 sit,
464 1598 725 1638 quamquam
757 1598 836 1625 nos
874 1598 961 1626 non
995 1584 1134 1639 magis
1175 1598 1304 1638 quam
1336 1584 1614 1638 Aristoteles,
1658 1586 1730 1639 qui

165 1655 361 1697 libellum
392 1655 483 1697 eius
516 1655 635 1710 legit,
668 1654 901 1697 diiudicare
934 1669 1182 1710 possumus,
1222 1658 1379 1709 tamen,
1413 1655 1448 1696 si
1482 1656 1730 1698 coniectura

163 1727 227 1768 uti
259 1727 380 1782 licet,
413 1726 719 1768 Alcmaeonem
751 1725 898 1780 potius
932 1741 956 1767 a
989 1726 1277 1781 Pythagoreis
1310 1726 1493 1781 pendere
1527 1726 1729 1782 dicemus,

283 1833 317 1876 1)
350 1830 390 1865 Id
422 1831 521 1875 quod
554 1841 788 1876 nequaquam
823 1830 901 1865 veri
935 1830 1081 1866 videtur
1113 1830 1252 1873 simile;
1287 1831 1333 1865 cf.
1361 1830 1542 1866 Zellerum
1570 1834 1624 1876 (1⁵
1645 1836 1728 1877 355)

165 1891 202 1926 et
227 1891 462 1935 Tanneryum
489 1892 537 1935 (p.
558 1890 671 1925 l'hist.
694 1890 729 1926 d.
749 1890 772 1925 1.
794 1901 842 1925 sc.
864 1890 954 1925 hell.
974 1902 1059 1935 pag.
1081 1892 1175 1935 206).

282 1951 318 1994 2)
345 1949 415 1992 Qui
435 1950 621 1994 quomodo
642 1949 686 1984 de
703 1949 904 1984 Aristotele
924 1949 1063 1984 iudicet
1083 1949 1205 1984 facere
1227 1961 1298 1984 non
1316 1961 1477 1994 possum,
1500 1950 1589 1994 quin
1610 1949 1727 1994 ipsius

161 2009 283 2044 verbis
303 2009 514 2044 ostenda-m:
541 2009 776 2053 „Aristoteles
794 2010 858 2044 hat
876 2010 951 2043 sich
970 2009 1104 2054 θεὴ-νη
1124 2009 1225 2044 beisze
1244 2009 1387 2044 Lelaeren
1405 2010 1490 2044 sind
1509 2010 1729 2056 vollstc‘indiy

161 2069 398 2113 unablta‘nyz'y
423 2079 493 2104 von
518 2068 704 2103 einander.
742 2068 840 2103 Mam
864 2068 958 2103 wird
983 2069 1152 2112 macheu,
1178 2069 1262 2110 (lass
1287 2069 1380 2104 ‹liese
1397 2069 1633 2114 Auffassung]
1658 2080 1728 2104 uns

164 2138 236 2164 von
259 2128 324 2163 der
342 2127 631 2172 Notwendiqkeit
657 2127 795 2170 benere,
820 2128 918 2162 einer
943 2138 1012 2162 von
1036 2127 1163 2162 beiden
1182 2127 1355 2163 Par-teien
1376 2128 1514 2172 Zwany
1540 2128 1728 2162 anzutleun

164 2188 249 2223 oder
286 2187 432 2232 yerinye
469 2186 812 2233 Denlclc'ihiylfeit[?]
851 2190 1085 2222 zuzulrauen.
1137 2187 1259 2222 Sicher
1295 2188 1378 2222 sind
1415 2186 1473 2221 die
1514 2187 1729 2231 Geyensatxe

163 2247 281 2282 hz'cben
318 2247 396 2282 und
434 2247 573 2281 draben
604 2246 847 2288 rerschiedem·
884 2256 923 2280 so
961 2246 1085 2280 urteilt
1123 2247 1216 2281 auch
1249 2247 1474 2288 Aristoteles,
1507 2247 1569 2280 der
1607 2246 1735 2281 diesen·

168 2305 401 2341 Untcrschied
424 2316 519 2350 qam
543 2306 635 2341 wohl
660 2305 970 2340 charokte-risiert:
1003 2303 1231 2350 διωρισμένα
1263 2306 1318 2340 bei
1342 2306 1411 2340 den
1442 2305 1726 2351 Pyeleayorcern,

161 2363 205 2399 αῖ
225 2370 404 2410 τυχοῦσαι
430 2365 485 2400 bei
511 2364 720 2400 Alkmaeon.
765 2365 851 2399 Nur
876 2365 961 2407 ‹lasis-
986 2376 1023 2399 er
1049 2376 1098 2399 an
1123 2365 1238 2399 dieser
1263 2364 1371 2400 Stelle
1396 2365 1600 2408 uberhaupt
1626 2365 1725 2398 nicht

160 2425 225 2459 mit
250 2424 327 2459 dem
351 2424 603 2467 I'hilosophen,
628 2424 785 2459 sondern
804 2424 868 2458 mit
888 2424 968 2458 dem
989 2424 1079 2458 Arse
1101 2424 1300 2460 Alkmaeon
1319 2435 1365 2458 zu
1385 2424 1475 2458 chun
1494 2424 1557 2458 hat
1577 2423 1726 2469 [contra

160 2483 234 2518 dixi
267 2482 313 2517 ad
346 2483 475 2527 fragm.
503 2481 622 2527 XXIJ,
661 2483 729 2518 das
759 2483 823 2518 hat
855 2495 892 2517 er
924 2483 1024 2518 nicht
1057 2483 1227 2525 erkannt,
1267 2483 1344 2518 und
1375 2483 1455 2517 weil
1488 2493 1525 2516 er
1557 2492 1592 2517 es
1627 2483 1726 2516 nicht

160 2543 351 2584 erkannste,
377 2542 456 2576 weil
481 2542 545 2576 ism
571 2542 629 2576 die
653 2543 733 2576 rein
758 2542 972 2584 dulserliche
998 2535 1224 2576 i-ihnlicldeeit
1253 2543 1316 2576 der
1343 2542 1468 2576 beiden
1495 2541 1725 2584 Dualc'smen,

158 2602 333 2636 vielleicht
358 2612 430 2635 ηιιν
456 2601 533 2635 u-ell
561 2601 623 2634 ι’]ιη
648 2601 706 2635 die
731 2601 903 2645 zusk'illiyc
929 2592 1281 2644 Ubereinslimnmny
1309 2601 1356 2635 im
1389 2600 1588 2635 Wortlaate
1613 2600 1724 2645 (ἀγα-

158 2660 234 2696 θὸν
261 2658 449 2705 κακόν)[ἔ]
482 2660 553 2693 irre
585 2659 713 2701 leitete,
745 2659 875 2693 darum
910 2660 986 2694 und
1017 2670 1089 2693 ηἰι·
1121 2659 1253 2694 darum
1284 2660 1347 2694 sah
1375 2671 1412 2693 er
1441 2659 1516 2693 sich
1550 2660 1726 2702 ror-sucht,

160 2721 227 2755 den
254 2719 452 2754 Alkmaeon
476 2719 554 2753 hier
579 2718 902 2753 minabeleandeln.
953 2719 1020 2753 Als
1045 2729 1082 2753 er
1118 2719 1219 2752 dmm
1235 2718 1284 2764 [?]
1312 2718 1457 2759 merkte,
1489 2719 1573 2760 dass
1599 2730 1636 2753 er
1670 2719 1726 2754 bei

159 2779 233 2813 ihm
264 2789 332 2823 yar
356 2778 473 2813 hiems
502 2777 828 2821 Philosophisches‚
860 2789 928 2822 yar
960 2778 1060 2812 lceine
1091 2778 1232 2816 scharse
1257 2778 1501 2823 Abyrenzungy
1531 2778 1645 2821 saud,
1676 2778 1723 2812 da

162 2837 282 2872 trurde
307 2848 344 2871 er
369 2837 448 2871 bisse
472 2837 550 2871 mccl
576 2837 674 2878 wart*
695 2837 766 2870 ihm
792 2847 871 2870 ror:
907 2836 1125 2880 ἀδιορίστως
1150 2835 1335 2881 ἀπέρριψε
1366 2836 1451 2880 περὶ
1476 2841 1548 2871 τῶν
1574 2839 1722 2871 λοιπῶν.

160 2896 259 2938 Dafis
284 2907 321 2930 er
347 2896 419 2930 ihm
445 2896 547 2929 (lann
573 2896 637 2930 mit
657 2896 724 2930 cIen
746 2896 1038 2937 ‚semustam-een,
1064 2907 1147 2929 man
1169 2896 1283 2931 minue
1309 2907 1378 2930 von
1405 2896 1477 2930 ihm
1503 2897 1723 2936 emnehmen,

161 2954 217 2989 ὅτι
242 2954 424 2989 τάναντία
451 2953 562 2999 ἀρχαὶ
588 2959 660 2988 τῶν
687 2952 822 2997 ὄντων,
861 2954 1012 2990 Unrecht
1045 2955 1140 2997 that,
1172 2955 1239 2989 (Ias
1264 2955 1326 2989 hat
1352 2966 1389 2990 er
1420 2955 1594 2990 entwedcr
1625 2956 1723 2990 nicht

159 3014 314 3059 [κηποι-Μ
339 3013 424 3048 oder
450 3014 548 3049 nicht
576 3013 714 3048 mcv-lem
740 3014 817 3049 uncl
842 3014 995 3059 zuyeben
1022 3014 1147 3049 wellen
1163 3013 1269 3060 [?!].“
