2125 3439
808 227 1067 265 -5—

158 344 209 372 ex
243 329 480 372 Aristotele
514 330 688 372 fluxisse
720 330 890 386 dicat.¹)
954 331 1022 372 An
1063 331 1150 373 veri
1191 330 1374 372 similius
1412 331 1722 388 Neopythago-

158 415 330 442 reorum
375 401 584 455 aliquem,
630 415 726 442 cum
771 415 871 442 suae
915 405 1055 444 sectae
1096 402 1402 444 Alcmaeonem
1447 404 1721 444 annumerari

159 471 309 524 vellet,
348 470 623 526 Pythagorae
669 485 763 512 eum
810 470 943 512 fuisse
989 473 1212 527 aequalem
1251 473 1392 514 verbis
1433 473 1721 515 Aristotelicis

157 540 402 584 addidisse?
446 540 505 582 At
532 539 708 582 minime
741 540 918 582 dubium
953 542 1055 595 quin
1090 543 1188 583 talis
1222 543 1351 584 homo
1385 558 1472 585 non
1499 545 1721 598 aequalem

158 625 303 653 verum
330 610 588 665 discipulum
609 610 884 667 Pythagorae
909 610 1207 653 Crotoniatam
1237 615 1369 656 fuisse
1396 615 1720 668 praedicaverit,

157 681 224 724 cui
255 681 317 723 rei
349 681 486 736 ipsius
519 681 748 724 Iamblichi
784 683 912 724 verba
945 683 1196 724 testimonio
1231 688 1344 726 sunt.
1406 685 1556 739 Itaque
1590 686 1721 727 verba

152 752 230 794 illa
262 752 546 795 Aristotelica
578 751 1044 809 Neopythagoreorum
1082 757 1271 795 aetatem
1311 755 1401 796 sine
1435 756 1565 797 dubio
1599 762 1719 797 ante-

155 823 319 865 cedunt.
370 822 463 865 Iam
496 823 666 865 etiamsi
701 824 796 879 quis
818 824 1124 878 Alexandreae,
1157 825 1229 866 ubi
1256 825 1416 866 multas
1445 829 1487 866 et
1515 826 1718 881 gravissi-

157 908 249 935 mas
271 894 463 936 maculas
489 894 627 936 textui
651 895 931 936 Aristotelico
960 909 1154 949 aspersas
1182 910 1273 936 esse
1301 899 1484 950 constat,
1512 911 1536 937 a
1562 895 1720 938 lectore

159 965 345 1019 quodam
385 965 532 1007 sedulo
572 969 798 1020 annotata,
842 969 996 1021 postea
1033 965 1077 1007 in
1117 969 1284 1008 textum
1324 971 1497 1021 recepta
1535 981 1583 1008 ea
1628 982 1720 1009 esse

154 1036 358 1091 coniciat,
395 1036 509 1077 idem
546 1036 626 1079 hoc
667 1040 780 1078 certe
820 1037 1025 1079 concedat
1063 1051 1235 1079 necesse
1269 1041 1353 1091 est,
1392 1038 1718 1080 annotationem

153 1107 275 1148 illam
299 1121 385 1148 non
413 1107 762 1162 antiquissimam
789 1107 942 1159 solum,
976 1109 1049 1149 sed
1076 1109 1207 1149 etiam
1233 1108 1315 1149 fide
1341 1122 1517 1164 prorsus
1545 1109 1719 1164 dignam

153 1191 257 1232 esse,
291 1191 387 1219 cum
413 1177 717 1220 Alexandrinis
751 1179 1048 1234 grammaticis
1082 1178 1175 1233 ipso
1204 1179 1480 1222 Alcmaeonis
1508 1179 1620 1221 libro
1655 1181 1718 1220 uti

154 1248 392 1290 etiamtunc
426 1247 598 1291 licuerit
631 1248 701 1305 (cf.
729 1263 826 1304 pag.
855 1249 942 1304 33).

269 1319 342 1371 At,
367 1319 570 1374 inquiunt
596 1319 682 1373 isti,
708 1320 948 1375 negligitur
974 1320 1079 1361 illud
1107 1321 1380 1362 enuntiatum
1406 1321 1719 1376 interpretibus

152 1390 362 1446 antiquis!
407 1390 630 1432 Habemus
657 1391 741 1432 duo
774 1391 819 1432 in
851 1391 966 1433 hunc
992 1391 1389 1446 metaphysicorum
1417 1392 1574 1434 librum
1605 1407 1718 1442 com-

152 1461 374 1516 mentaria,
389 1461 742 1517 scil.Asclepium
758 1466 801 1504 et
816 1462 1123 1504 Alexandrum.
1170 1461 1280 1511 Quid
1302 1462 1560 1517 Asclepius?
1586 1462 1717 1505 Ἱστο-

149 1539 220 1587 ρεῖ
236 1530 284 1574 δὲ
298 1533 373 1586 (sc.
390 1533 668 1586 Aristoteles)
687 1533 752 1575 ὅτι
768 1531 1096 1588 καὶἈλκμαίων
1117 1533 1139 1575 ὁ
1156 1534 1466 1588 Κροτωνιάτης
1487 1535 1562 1576 τὸν
1584 1534 1718 1576 αὐτὸν

147 1605 312 1657 τρόπον
338 1604 510 1653 τούτοις
535 1603 806 1658 ἀπεφήνατο·
833 1605 896 1654 εἰς
917 1605 998 1658 γὰρ
1026 1603 1286 1646 ἐναντίωσίν
1307 1621 1404 1646 τινα
1426 1604 1608 1647 ἕκαστον
1630 1613 1717 1647 τῶν

149 1675 292 1716 ὄντων
324 1673 507 1728 ἀνάγειν
540 1673 739 1728 ἐπειρᾶτο
774 1674 845 1716 καὶ
877 1672 1005 1724 οὗτος
1038 1675 1097 1724 ὡς
1122 1675 1269 1730 ἀρχῶν
1297 1675 1444 1717 οὐσῶν
1478 1684 1566 1718 τῶν
1593 1675 1717 1718 ἐναν-

148 1746 356 1788 τιώσεων.
405 1744 476 1787 καὶ
509 1745 534 1800 ἢ
568 1742 696 1795 οὗτος
728 1747 844 1799 παρὰ
870 1753 957 1788 τῶν
984 1748 1310 1800 Πυθαγορείων
1340 1745 1589 1800 παρέλαβεν
1622 1746 1645 1800 ἢ
1677 1748 1723 1789 οἶ

149 1818 456 1870 Πυθαγόρειοι
482 1817 599 1871 παρὰ
624 1817 802 1859 τούτου·
835 1816 918 1858 καὶ
952 1818 1045 1871 γὰρ
1072 1816 1357 1870 κατέλαβεν
1384 1816 1406 1858 ὁ
1430 1816 1716 1871 Ἀλκμαίων

147 1886 369 1942 γέροντα
401 1889 490 1930 τὸν
522 1890 847 1942 Πυθαγόραν
882 1891 969 1930 κτλ.
1009 1887 1127 1944 (pag.
1162 1889 1229 1942 39,
1258 1888 1310 1928 21
1346 1886 1593 1944 Hayduck).
1656 1889 1716 1930 At

146 1958 375 2009 neminem,
392 1958 556 2013 opinor,
579 1959 651 2013 qui
667 1959 898 2000 Alexandri
919 1959 1192 2013 Asclepiique
1215 1959 1548 2000 commentarios
1569 1960 1715 2013 paullo

147 2029 400 2086 diligentius
429 2030 683 2071 tractaverit
713 2029 851 2085 fugiet
878 2033 926 2071 ut
952 2029 1005 2071 ab
1025 2029 1272 2071 Alexandro
1300 2029 1460 2072 codicis
1491 2028 1547 2070 Ab
1573 2029 1635 2071 ita
1662 2031 1715 2071 ab

152 2100 354 2156 Asclepio
388 2100 547 2143 codicis
574 2100 611 2142 Ε
639 2100 845 2142 lectiones
871 2116 958 2142 non
985 2115 1166 2155 semper,
1199 2101 1451 2155 saepissime
1478 2105 1624 2142 tamen
1649 2102 1717 2142 ad-

150 2172 307 2224 hiberi,
348 2171 390 2213 id
429 2172 541 2226 quod
581 2172 650 2213 hic
690 2186 859 2226 quoque
898 2171 1061 2213 factum
1101 2186 1192 2213 esse
1231 2172 1328 2213 inde
1368 2159 1558 2225 constat,
1601 2173 1714 2227 quod

150 2243 296 2297 paullo
335 2246 436 2298 post
474 2240 591 2298 (pag.
626 2243 745 2285 9362.
771 2241 847 2298 34)
886 2241 995 2297 μέγα
1034 2244 1191 2297 μικρόν
1229 2242 1473 2284 Alexander
1511 2257 1607 2284 cum
1646 2242 1716 2296 Ab,

150 2315 306 2369 μικρὸν
346 2313 454 2368 μέγα
485 2313 713 2368 Asclepius
754 2328 851 2355 cum
884 2313 919 2355 E
954 2314 1143 2368 praebet.
1206 2312 1350 2362 Quid?
1408 2313 1504 2355 Hoc
1543 2313 1578 2354 si
1616 2328 1714 2354 con-

151 2388 258 2440 stat,
295 2399 435 2426 nonne
468 2384 701 2426 Alexandri
743 2399 911 2439 quoque
951 2384 1125 2426 silentio
1168 2399 1339 2427 omnem
1378 2383 1464 2425 vim
1504 2384 1714 2438 probandi

151 2458 367 2497 exsectam
394 2469 486 2496 esse
515 2455 660 2496 vides?
712 2454 915 2496 Ceterum
938 2454 1181 2496 Alexander
1207 2470 1293 2497 non
1328 2456 1362 2495 is
1391 2459 1456 2496 est
1490 2455 1562 2508 qui
1590 2454 1712 2496 scho-

150 2526 303 2568 lastico
336 2540 454 2566 more
481 2524 733 2567 Aristotelis
766 2526 897 2567 verba
930 2525 1066 2581 digito
1099 2529 1317 2581 sequatur,
1350 2525 1421 2566 sed
1453 2540 1548 2566 cum
1576 2524 1712 2579 philo-

151 2597 305 2651 sophia
330 2596 453 2637 unice
481 2595 519 2637 ci
546 2595 662 2637 cordi
689 2595 757 2650 sit,
792 2611 859 2638 res
886 2596 1116 2638 historicas
1142 2597 1397 2651 praesertim
1424 2599 1512 2637 tam
1541 2599 1711 2650 apertas

153 2667 464 2723 intelligentiae
492 2666 701 2708 auditoris
731 2666 793 2708 vel
817 2667 990 2708 lectoris
1019 2669 1288 2709 committere
1311 2667 1434 2708 solet.
1485 2666 1713 2708 Praeterea

151 2739 280 2780 verba
313 2738 388 2778 illa
413 2737 705 2779 Alexandrum
732 2752 817 2779 non
840 2737 996 2793 legisse
1024 2741 1073 2779 ut
1100 2753 1148 2779 ex
1179 2739 1270 2792 ipso
1301 2738 1390 2779 cius
1419 2737 1514 2779 loco
1543 2738 1712 2779 demon-

273 2903 304 2940 1)
331 2901 410 2943 Quo
443 2911 486 2935 ex
518 2901 621 2936 fonte
655 2899 844 2936 Laertium
878 2911 1023 2945 quoquc
1058 2900 1259 2945 Diogenem
1293 2899 1394 2945 (VIII
1422 2904 1466 2935 83
1506 2901 1567 2935 καὶ
1607 2898 1713 2942 οὗτος

149 2959 382 3005 Πυθαγόρου
408 2958 600 3004 διήκουσε)
626 2971 692 2995 sua
719 2960 888 2995 hausisse
917 2958 1166 2996 indicaverim.

2119 1586 2123 1597 -
2118 1528 2125 1563 ,-
2118 890 2125 1483 man—--———-—„
