2125 3439
981 167 1239 203 —8—

335 275 641 317 numerandum
676 288 779 324 esse,
813 273 881 314 sed
912 272 1040 313 etiam
1069 274 1143 312 aut
1169 284 1364 312 socerum
1390 272 1465 310 aut
1491 283 1695 324 generum
1722 267 1886 322 Pytha-

334 361 463 400 gorae
495 345 626 386 fuisse
665 359 752 385 non
785 342 1093 384 incredibiliter
1124 341 1302 383 tradunt
1335 340 1550 396 Diogenes
1584 337 1710 394 <VIII
1736 337 1810 393 42)
1845 341 1888 379 et

333 414 593 457 lamblichus
609 414 665 470 (v,
680 414 806 468 Pyth.
822 412 938 469 267).
991 412 1150 454 Obstat
1174 411 1397 467 Menagius
1420 409 1666 465 (comment.
1690 404 1738 449 in
1761 407 1885 464 Diog.

331 486 468 526 Laert.
505 485 585 525 vol.
619 485 658 525 II
688 484 773 525 370
806 481 1004 539 Hfibner)
1051 483 1123 538 qui
1161 482 1368 524 Leontem
1413 480 1592 522 eundem
1630 493 1722 521 esse
1761 481 1887 532 putat

333 556 451 597 cuius
498 555 756 596 mentionem
802 554 904 595 facit
941 552 1120 595 Proclus
1165 553 1216 594 ad
1261 552 1384 607 prim.
1430 551 1623 593 Euclidis
1669 550 1717 590 de
1764 549 1883 590 elem.

333 641 427 680 pag.
457 627 525 679 (36,
548 626 599 667 18
632 623 863 666 Friedlein:
897 624 1214 678 Λεωδάμαντος
1247 621 1294 664 δὲ
1328 623 1535 674 νεώτερος
1568 621 1590 662 ὁ
1619 621 1884 673 Νεοκλείδης

332 695 402 736 καὶ
437 696 458 737 ὁ
492 696 649 737 τούτου
682 696 880 749 μαθητὴς
909 694 1051 747 Λέων,
1084 697 1128 736 οἳ
1157 695 1295 736 πολλὰ
1327 694 1651 747 προσεπόρισαν
1682 697 1772 740 τοῖς
1802 691 1886 744 πρὸ

333 766 488 807 αὐτῶν.
552 766 633 807 ‚Sed
680 770 792 807 recte
839 765 1072 807 Krischeus
1119 764 1163 820 (l.
1202 765 1226 806 l.
1273 778 1369 819 pag.
1411 764 1482 816 TO,
1513 762 1558 817 3)
1605 761 1742 802 multo
1788 763 1888 814 post

331 837 634 878 Alcmaeonem
684 836 806 877 illum
846 836 1002 877 vixisse
1049 834 1290 890 suspicatus
1330 837 1414 888 est,
1458 848 1554 874 cum
1600 831 1887 873 clarissimum

329 908 486 948 erroris
519 907 823 948 documentum
857 921 1053 960 promere
1087 908 1234 959 posset
1267 920 1315 946 ex
1350 904 1539 945 eiusdem
1569 902 1711 944 Procli
1745 901 1888 943 verbis

328 978 462 1019 hisce:
499 976 692 1027 Εὔδοξος
718 978 740 1019 ὁ
763 978 957 1029 Κνίδιος,
984 976 1173 1024 Λέοντος
1199 972 1278 1029 μὲν
1305 975 1438 1032 ὀλίγῳ
1466 974 1689 1027 νεώτερος,
1719 971 1889 1026 ἑταῖρος

334 1046 380 1089 δὲ
406 1055 494 1089 τῶν
521 1046 618 1100 περὶ
647 1048 862 1089 Πλάτωνα
890 1048 1124 1100 γενόμενος
1149 1044 1264 1101 (pag.
1293 1046 1361 1099 67,
1383 1046 1406 1086 2
1435 1042 1681 1100 Friedlein).
1735 1042 1886 1098 Neque

330 1119 466 1173 magis
495 1133 602 1172 quae
625 1117 841 1173 Diogenes
863 1118 996 1158 tradit
1022 1131 1211 1172 prooem.
1236 1115 1331 1170 12¹)
1359 1116 1441 1157 huc
1469 1115 1696 1170 pertinent.
1746 1114 1885 1156 Immo

331 1192 444 1230 recte
480 1188 713 1230 Krischeus
746 1188 1021 1230 Alcmaeonis
1055 1188 1239 1229 amicum
1275 1190 1420 1229 censet
1452 1201 1544 1228 esse
1576 1185 1697 1227 illum
1731 1185 1888 1240 Pytha-

332 1274 510 1314 goreum
546 1274 670 1313 quem
699 1258 962 1301 lamblichus
992 1259 1046 1314 (r.
1069 1259 1193 1313 Pytli.
1216 1256 1321 1314 267)
1350 1257 1590 1312 Metaponti
1618 1260 1767 1298 natum
1794 1271 1886 1297 esse

328 1333 486 1371 narrat.
517 1354 571 1358 —
603 1329 795 1383 Bathylli
827 1332 971 1371 autem
1005 1329 1211 1370 memoria
1246 1328 1357 1382 apud
1390 1328 1568 1370 eundem
1603 1330 1744 1368 exstat
1776 1327 1888 1368 inter

328 1399 630 1441 Posidoniatas
663 1399 937 1455 Pythagorae
970 1400 1167 1442 asseclas.

447 1481 597 1537 Neque
631 1485 776 1524 tamen
809 1483 963 1524 desunt
1001 1483 1072 1537 qui
1112 1483 1177 1523 vel
1212 1482 1348 1523 multo
1380 1484 1481 1536 post
1518 1481 1582 1522 vel
1618 1482 1754 1522 multo
1788 1483 1888 1521 ante

329 1569 425 1595 eum
454 1553 610 1594 vixisse
645 1554 916 1594 contendant.
969 1553 1160 1602 Quorum
1193 1567 1214 1593 e
1247 1567 1424 1593 numero
1459 1552 1531 1606 qui
1559 1550 1886 1606 antiquissimus
1941 1550 1946 1555 ”

332 1627 398 1665 cst
431 1622 716 1678 Sophonias2)
749 1638 859 1664 vana
892 1624 1138 1664 coniectura
1170 1622 1401 1664 manifesto
1433 1622 1572 1664 utitur
1610 1621 1680 1673 (cf.
1712 1622 1752 1663 h.
1785 1622 1887 1664 diss.

328 1708 422 1749 pag.
457 1696 507 1736 31
549 1709 588 1734 n.
623 1692 682 1749 3).
746 1694 837 1735 Iam
871 1694 1230 1735 lVindelbandius
1269 1692 1429 1749 (Gesch.
1465 1695 1502 1735 d.
1533 1694 1677 1748 yriech.
1713 1692 1888 1736 Philos?

328 1779 423 1819 pag.
458 1762 532 1819 (56)
571 1765 714 1805 nescio
761 1779 844 1819 qua
882 1765 931 1805 cle
971 1779 1099 1806 causa
1140 1763 1346 1820 Philolai,
1391 1779 1516 1818 quem
1555 1763 1697 1818 ipsum
1739 1763 1886 1818 paullo

330 1838 426 1875 ante
469 1834 691 1876 Socratem
733 1838 884 1876 natum
923 1850 1016 1876 esse
1055 1838 1216 1889 censet,
1258 1835 1480 1890 aequalem
1519 1834 1703 1876 fortasse
1741 1834 1886 1889 paullo

330 1905 535 1946 maiorem
564 1920 660 1946 eum
685 1905 819 1959 ‚fuisse
847 1906 950 1947 vult.
1000 1905 1196 1960 Denique
1218 1905 1415 1948 Sittelius
1443 1904 1625 1961 (Griech.
1645 1906 1886 1947 Litteratur-

324 1977 449 2029 glesch.
478 1976 514 2016 ll
544 1975 650 2032 487)
683 1976 841 2018 Pittaci
875 1992 970 2019 eum
1004 1978 1271 2032 temporibus
1304 1977 1461 2019 vixisse
1495 1977 1734 2028 contendit,
1767 1976 1885 2018 nisus

327 2047 369 2087 in
416 2046 615 2102 Cyrilli3)
666 2047 801 2089 hisee:
853 2054 1084 2103 τριακοστῇ
1136 2047 1318 2103 δευτέρᾳ
1368 2047 1605 2102 ὀλυμπιάδι
1645 2045 1886 2101 Ἀλκμαίων

327 2115 397 2158 καὶ
431 2120 645 2166 Πίττακος
676 2117 721 2159 ἐκ
749 2120 1007 2172 ιΜυτιλήνης
1038 2119 1090 2160 οἱ
1119 2125 1217 2160 τῶν
1251 2116 1373 2159 ἑπτὰ
1405 2125 1592 2172 σοφῶν.
1651 2117 1745 2167 Qua
1771 2118 1814 2158 in
1842 2133 1885 2159 re

328 2187 498 2241 egregie
530 2187 708 2229 fallitur.
760 2188 951 2230 Hillerus
980 2189 1092 2230 enim
1120 2188 1249 2245 (Mus.
1277 2189 1411 2230 Rhen.
1445 2187 1566 2229 XXV
1595 2189 1680 2230 ‘253
1696 2203 1802 2242 sqq„
1835 2188 1886 2230 cf.

331 2258 481 2298 (lelzer
501 2258 731 2300 Africanus
752 2257 793 2300 Π
814 2274 910 2314 pag.
927 2259 979 2300 97
991 2274 1082 2313 sqq.
1107 2258 1210 2314 107)
1236 2259 1349 2300 haud
1377 2259 1553 2300 dubium
1580 2259 1757 2313 reliquit
1783 2259 1886 2313 quin

329 2329 516 2381 tyrillus
550 2344 597 2370 ex
633 2329 822 2371 Eusebio
857 2345 933 2371 sua
965 2330 1169 2371 hauserit.
1227 2331 1376 2384 ltaque
1410 2330 1679 2371 conferamus
1714 2332 1886 2384 oportet

330 2403 473 2440 cetera
504 2399 682 2440 Eusebii
718 2400 901 2455 vestigia
934 2401 1110 2452 (Euseb.
1138 2400 1177 2441 ll
1206 2403 1261 2443 86
1277 2416 1338 2455 sq.
1367 2399 1571 2457 Schone):

449 2599 481 2640 1)
512 2596 738 2642 Πυθαγόρας
770 2595 809 2632 ἐν
843 2599 1007 2632 Σικυῶνι
1039 2597 1301 2643 διαλεγόμενος
1332 2598 1463 2633 Λέοντι
1496 2603 1544 2646 τῷ
1574 2601 1792 2635 Σικυωνίων
1824 2614 1884 2635 tv-

328 2654 450 2701 ράννῳ
478 2658 548 2690 κτλ.
601 2656 651 2691 Cf.
676 2656 756 2690 Vlll
779 2660 809 2691 8.

448 2731 481 2757 ι’»
510 2724 547 2759 οἷ’
570 2726 651 2768 περὶ
680 2726 862 2762 Πλάτωνα
890 2727 951 2761 καὶ
979 2727 1218 2772 Ξενοκράτην
1251 2728 1315 2762 καὶ
1338 2726 1561 2773 Ἀλκμαίωνα
1595 2729 1658 2763 καὶ
1691 2729 1812 2774 ἕτερος
1843 2727 1883 2766 ἐκ

334 2789 397 2815 τοῖ·
419 2785 656 2826 Σωκρατικοῦ
684 2787 945 2821 διδασκαλείου
973 2788 1032 2831 (ad
1056 2787 1163 2822 Arist.
1185 2787 1217 2822 d.
1240 2799 1298 2822 an.
1319 2786 1333 2820 I
1355 2791 1386 2830 2,
1403 2791 1470 2822 404
1491 2799 1513 2822 a
1536 2793 1576 2823 19
1599 2806 1640 2817 =
1662 2800 1746 2834 pag.
1772 2794 1824 2833 11,
1839 2793 1883 2824 25

331 2842 530 2886 liaytluckl.

450 2904 479 2933 3*
513 2903 648 2936 Contra
675 2902 856 2937 Iulianum
884 2904 898 2937 l
920 2921 962 2932 =
985 2904 1078 2949 opp.
1099 2904 1222 2940 omnia
1244 2904 1292 2939 Vl
1314 2905 1340 2939 B
1369 2908 1410 2940 12
1438 2904 1556 2940 Lutct.
1581 2910 1679 2941 1633.
