2125 3439
735 227 1025 269 -4-35—

105 335 228 390 cipiis
256 333 311 390 (c.
336 335 386 377 19
414 355 470 368 =
496 334 702 389 Hippocr.
724 334 826 374 VIII
857 334 941 375 608
969 336 1073 375 extr.
1097 332 1159 373 L.:
1187 332 1209 374 ὁ
1236 333 1345 373 αι’ών
1372 331 1461 373 ἐστι
1488 337 1566 373 τοῦ
1593 331 1667 372 ἀν-

103 406 290 459 θρώπου
317 403 601 460 ἑπταήμερος)
627 408 670 446 et
696 404 745 445 de
767 404 1048 445 hebdomadis
1070 402 1120 457 (c.
1143 404 1169 444 ὃ
1191 423 1245 436 =
1267 401 1373 443 VIII
1398 404 1482 444 «336
1503 401 1568 457 L.)
1590 417 1667 443 nec

106 491 191 518 non
224 476 462 518 Coacarum
495 489 767 530 prognoseon
807 473 912 529 (502
941 495 994 507 =
1024 474 1061 514 V
1093 474 1187 527 700,
1221 477 1234 515 1
1273 477 1316 514 et
1349 477 1374 514 ⁴5
1412 473 1475 529 L.)
1509 474 1666 527 aliique

104 546 290 601 professi
323 549 424 588 sunt
457 543 611 601 (Arist.
637 543 729 585 Pol.
756 546 804 584 II
830 544 882 584 16
917 558 1013 598 pag.
1045 544 1156 584 1335
1185 544 1210 584 b
1238 543 1325 598 33).

734 692 882 735 Frgm.
915 690 1035 725 XVI.

223 780 538 823 Plutarchus
571 779 704 834 Epit.
736 778 776 820 V
807 781 871 831 14,
906 781 925 820 1
961 778 1090 832 (Dox.
1122 779 1209 820 424
1242 793 1266 819 a
1299 778 1374 834 30)
1409 794 1464 820 ex
1497 780 1664 821 Aetio:

100 850 346 907 Ἀλκμαίων
377 859 465 893 τῶν
498 851 694 906 ἡμιόνων
732 852 834 900 τοὺς
872 848 952 904 μὲν
991 851 1178 904 ἄρρενας
1216 849 1406 902 ἀγόνους
1442 851 1559 903 παρὰ
1591 852 1670 904 τὴν

104 925 340 977 λεπτότητα
378 929 453 975 τῆς
489 926 631 976 θορῆς
662 919 790 973 <καὶ>
828 922 1101 975 ψυχρότητα,
1139 920 1213 969 τὰς
1251 917 1300 961 δὲ
1336 923 1518 974 θηλείας
1555 922 1670 974 παρὰ

104 995 152 1035 τὸ
186 996 244 1047 μὴ
279 993 541 1047 ἀναχάσκειν
572 993 649 1041 τὰς
681 994 863 1046 μήτρας·
897 991 1012 1033 οὕτω
1044 991 1126 1044 γὰρ
1160 990 1291 1040 αὐτὸς
1323 995 1478 1045 εἴρηκε.

266 1074 414 1121 (ζκαὶ>]
436 1074 488 1108 sic
509 1073 670 1108 Galenus
691 1072 775 1108 hist.
799 1072 888 1117 phil.
906 1076 948 1106 32
973 1073 1078 1117 (Dox.
1107 1076 1185 1116 643,
1201 1075 1254 1115 9ss
1284 1073 1389 1106 deest
1409 1072 1447 1105 in
1469 1071 1669 1107 Plutarcho

151 1135 302 1169 auctore
329 1134 422 1176 eius;
450 1131 470 1175 ἢ
499 1132 591 1168 coni.
620 1131 811 1174 Reiskim,
838 1131 1031 1166 Dielesius.
1082 1131 1154 1166 Sed
1180 1131 1225 1166 cf.
1248 1130 1403 1166 Aristob.
1432 1131 1476 1166 de
1503 1142 1585 1176 gen.
1613 1144 1671 1166 an.

152 1194 183 1228 II
212 1197 243 1235 7,
271 1197 337 1227 747
365 1204 387 1227 a
410 1197 444 1226 1:
478 1193 634 1236 (γίνεται
665 1195 742 1231 τοῖς
774 1189 934 1234 ἀνδράσι
964 1193 1157 1233 θηλυκοῖς)
1191 1191 1231 1225 τὸ
1259 1189 1403 1235 σπέρμα
1429 1190 1563 1225 λεπτὸν
1596 1190 1672 1225 καὶ

151 1252 307 1297 ψυχρόν.
359 1250 490 1294 διόπερ
524 1249 681 1295 εὐλόγως
713 1251 952 1296 βασανίζεται
984 1254 1065 1290 ταῖς
1090 1247 1387 1295 πει’ραις....ε’ν
1420 1249 1546 1285 ῧδατι·
1580 1250 1672 1294 ταχὺ

150 1311 220 1357 γὰρ
247 1313 432 1356 διαχεῖται
457 1310 497 1344 τὸ
525 1310 658 1345 λεπτὸν
684 1309 760 1344 καὶ
786 1308 931 1354 ψυχρόν
959 1313 1031 1344 κτλ.

270 1369 383 1405 οὕτω
411 1390 454 1395 -
483 1369 681 1415 εἴρηκεν]
709 1368 816 1404 omis.
838 1368 1017 1411 Galenus;
1056 1380 1124 1404 nec
1151 1369 1303 1411 mirum,
1337 1368 1513 1413 quoniam
1546 1369 1673 1413 glossa

153 1430 382 1475 ἀναχάσκειν
410 1432 536 1474 spreta
561 1427 707 1474 vulgari
734 1438 824 1463 voce
851 1427 946 1462 dixit
971 1428 1214 1463 ἀνακύπτειν.
1254 1428 1395 1462 Ibidem
1416 1428 1551 1462 desunt
1578 1439 1673 1472 quae

152 1490 190 1524 in
216 1488 406 1524 Plutarchi
427 1488 616 1523 codicibus
637 1488 811 1532 leguntur
837 1486 856 1522 ὅ
878 1483 953 1522 ἐστι
973 1487 1282 1533 ἀναστομοῦσθαι
1309 1488 1408 1531 (post
1428 1486 1673 1531 ἀναχάσκειν)

153 1551 191 1584 et
217 1547 236 1583 ὅ
257 1545 333 1584 ἔστι
354 1546 562 1593 σπέρματος
581 1549 681 1591 (post
700 1548 832 1591 θορῆς)
860 1557 954 1591 quae
979 1546 1150 1590 equidem
1172 1547 1291 1581 facere
1312 1556 1386 1580 nou
1406 1557 1554 1591 possum
1584 1545 1674 1590 quin

151 1608 377 1654 glossemata
403 1607 630 1643 extrinsecus
657 1605 788 1641 addita
813 1607 960 1650 putem,
993 1617 1077 1640 cum
1110 1605 1268 1641 servatis
1294 1604 1370 1639 illis
1403 1605 1673 1640 offenderemus

151 1667 186 1702 in
213 1677 386 1712 perverso
408 1665 605 1701 verborum
627 1665 757 1700 ordine
783 1666 821 1700 et
845 1675 972 1700 vocem
999 1665 1069 1699 καί
1084 1664 1310 1710 glossemate
1332 1665 1461 1700 addito
1482 1665 1673 1710 expulsam

151 1737 231 1761 esse
257 1726 396 1770 pateat.

270 1785 428 1830 θορῆς]
458 1785 620 1820 Galenus
646 1785 755 1819 mire:
789 1784 892 1828 παρὰ
918 1783 986 1828 τὴν
1013 1783 1215 1828 λεπτότητα
1241 1789 1305 1828 τῆς
1331 1784 1468 1827 σαρκὸς
1493 1787 1566 1818 κτλ.
1619 1784 1674 1819 Cf.

154 1845 265 1891 Hipp.
287 1845 424 1890 Aphor.
448 1849 490 1878 63
517 1843 579 1888 (IV
601 1847 682 1887 556,
704 1848 723 1878 3
739 1855 816 1888 sqq.
838 1843 909 1889 L.):
936 1844 1202 1888 παραπλησίως
1228 1843 1292 1877 καὶ
1313 1840 1373 1877 ἐπὶ
1397 1849 1469 1878 τῶν
1490 1842 1672 1888 ἀρρένων·

154 1902 175 1947 ἢ
207 1904 278 1950 γὰρ
311 1903 386 1938 διὰ
419 1902 497 1947 τὴν
529 1902 783 1947 ἀραιότητα
815 1908 891 1937 τοῦ
925 1902 1126 1948 σώματος
1165 1903 1205 1937 τὸ
1238 1908 1385 1947 πνεῦμα
1419 1901 1486 1945 ἔξω
1520 1902 1675 1948 φέρεται

152 1963 244 2008 πρὸς
282 1963 321 1997 τὸ
360 1962 409 2007 μὴ
447 1961 714 2008 παραπέμπειν
752 1962 792 1997 τὸ
831 1960 975 2007 σπέρμα
1010 1960 1029 2005 ἦ
1064 1962 1127 1997 διὰ
1160 1962 1227 2006 τὴν
1260 1961 1476 2007 ψυχρότητα
1515 1963 1582 1997 οὐκ
1616 1959 1675 1996 ἐκ-

152 2035 347 2066 πνραυται.

226 2095 457 2138 simillima
496 2099 563 2137 est
608 2110 716 2150 quae
755 2095 1064 2137 Alcmaeonem
1111 2096 1307 2150 sequitur
1352 2098 1481 2150 atque
1521 2096 1675 2151 Empe-

106 2167 241 2209 doclis
286 2182 442 2209 nomen
486 2182 587 2222 prae
627 2182 671 2208 se
716 2167 801 2208 ferb
841 2167 1056 2208 sententia
1096 2166 1202 2208 Dox.
1235 2167 1321 2209 425
1361 2182 1385 2207 a
1415 2170 1457 2209 3:
1504 2165 1674 2222 [Ἐμπε-

108 2237 284 2292 δοκλῆς]
331 2238 402 2279 διὰ
448 2239 528 2291 τὴν
570 2239 833 2291 σμικρότητα
879 2236 950 2279 καὶ
994 2239 1281 2291 ταπεινότητα
1324 2237 1396 2279 καὶ
1442 2241 1712 2292 στενότητα·

107 2315 182 2362 τῆς
222 2310 385 2362 μήτρας
434 2307 821 2363 κατεστραμμένως
869 2311 1232 2362 προσπεφυκυίας
1275 2315 1325 2363 τῇ
1373 2309 1525 2363 γαστρὶ
1571 2312 1675 2363 μήτε

107 2385 186 2421 τοῦ
212 2378 456 2433 σπέρματος
481 2379 839 2433 εὐθυβολοῦντος
866 2381 928 2429 εἰς
954 2380 1105 2433 αὐτήν,
1132 2382 1253 2434 μήτε,
1281 2382 1322 2421 εἰ
1345 2379 1416 2421 καὶ
1443 2381 1673 2434 φθάσειεν,

109 2450 240 2504 αὐτῆς
279 2449 586 2504 ἐκδεχομένης,
625 2465 754 2504 quam
787 2451 1063 2493 Alcmaeonis
1104 2452 1246 2492 verbis
1286 2451 1530 2493 continuari
1571 2453 1676 2493 Kar-

109 2522 274 2563 Stenius
314 2519 521 2577 (Emped.
563 2520 645 2576 frg,
684 2523 790 2575 469,
829 2521 941 2577 241)
987 2522 1118 2564 iubet..
1178 2521 1258 2564 Sed
1303 2525 1419 2564 recte
1460 2523 1674 2565 Dielesius

107 2591 234 2648 (Dox.
262 2593 287 2633 l.
315 2591 382 2647 l.):
416 2592 613 2634 ‘obstare
647 2592 816 2634 videtur
848 2592 1079 2648 singularis
1112 2599 1186 2646 τῆς
1218 2594 1414 2647 μήτραςῖ

228 2663 319 2704 Iam
345 2663 636 2718 quaerendum
664 2663 766 2717 quid
793 2663 851 2704 sih
878 2663 975 2704 miri
1003 2663 1047 2704 in
1068 2678 1170 2705 voce
1191 2663 1466 2718 ἀναχάσκειν.
1511 2664 1674 2706 Eadem

109 2735 222 2776 enim
256 2734 573 2789 significatione
607 2734 840 2789 eodemque
874 2735 917 2775 in
945 2737 1148 2776 contextu
1181 2735 1312 2775 etiam
1345 2734 1388 2775 iu
1416 2735 1539 2776 libris
1566 2735 1672 2790 Hip-

109 2803 338 2860 pocrabicis
371 2804 542 2860 dicitur,
575 2820 757 2859 quorum
792 2805 989 2860 congessi
1022 2805 1142 2846 locos
1174 2805 1321 2847 hosce:

165 2887 445 2944 ιἰναχοίσκεινε
479 2888 527 2928 dc
561 2891 647 2928 nat.
675 2888 771 2929 fem.
800 2888 857 2929 45
890 2887 990 2942 (Vll
1022 2888 1120 2941 35³0,
1153 2890 1185 2931 1.
1213 2888 1239 2930 5
1267 2887 1333 2933 L.)

482 2960 531 2999 dc
566 2960 700 3000 morl».
729 2959 828 3000 mul.
855 2957 895 2999 II
926 2959 1006 3000 1137
1035 2958 1162 3013 (VIII
1192 2960 1290 3014 344,
1317 2961 1373 3001 22
1403 2959 1467 3015 L.)

180 3035 393 3064 Wnchtler,
413 3036 450 3060 «le
472 3035 654 3061 Alema-101..-
677 3036 863 3060 motuni-tn.
1370 3035 1389 3063 ὓ
