2125 3439
134 345 276 400 operis
304 346 446 387 verba.
495 344 734 400 Diogenem
762 346 904 384 autem
931 342 1153 385 Laertium
1180 357 1205 383 a
1231 341 1453 383 Demetrio
1476 341 1692 396 Magnete,

136 429 262 469 quem
295 415 437 470 ipsum
470 415 513 456 in
545 414 705 456 tabulis
738 413 1041 456 Callimacheis
1074 413 1156 454 niti
1189 415 1377 463 constat,
1417 427 1493 453 sua
1527 415 1693 453 mutua-

134 488 226 527 tum
265 501 357 528 esse
396 488 445 526 ut
483 485 652 526 credam
692 484 879 525 adducor
917 483 1011 525 1000
1052 484 1274 525 simillimo
1309 482 1418 523 VIII
1446 483 1501 524 85
1537 483 1694 524 τοῦτόν

134 554 244 612 (scil.
282 552 547 610 Philolaum)
593 565 701 608 φησι
740 555 991 608 Δημήτριος
1033 553 1079 594 ἐν
1119 554 1369 607 ὁμωνύμοις
1409 561 1583 607 πρῶτον
1630 552 1695 594 ἐκ-

133 628 290 669 δοῦναι
322 633 410 668 τῶν
437 629 768 678 Πυθαγορικῶν
799 622 899 678 περὶ
926 625 1114 678 φύσεως,
1148 620 1210 664 ὧν
1238 624 1263 676 ἡ
1291 624 1398 679 ἀρχὴ
1430 625 1520 677 ἥδε·
1557 625 1696 673 Φύσις

133 693 174 738 δ’
210 695 258 738 ἐν
289 703 348 753 τῷ
380 698 528 753 κόσμῳ
562 694 765 750 ἁρμόχθη
800 694 842 745 ἐξ
875 694 1068 748 ἀπείρων
1100 710 1143 735 τε
1181 692 1252 735 καὶ
1285 697 1585 748 περαινόντων
1625 693 1696 736 καὶ

133 767 235 816 ὅλος
266 767 288 809 ὁ
321 769 482 821 κόσμος
521 765 593 808 καὶ
630 767 682 808 τὰ
715 765 762 807 έν
794 765 911 822 αὐτῷ
944 765 1096 806 πάντα.
1160 763 1221 806 Cf.
1256 764 1553 806 Nietzschium
1587 765 1694 806 Mus.

133 837 266 880 Rhen.
292 837 438 879 XXIV
471 836 626 893 (1869)
657 851 754 892 pag.
787 836 867 878 184
883 850 943 890 sq.

252 908 403 963 Itaque
431 909 710 963 antiquorum
737 908 823 948 iam
849 907 1059 948 memoria
1080 907 1355 948 Alcmaeonis
1383 907 1493 948 liber
1519 922 1695 961 prorsus

133 981 318 1034 evanuit,
351 979 439 1021 sive
473 979 586 1035 quod
620 979 835 1021 oblivione
869 979 1049 1020 obrutus
1077 981 1143 1021 est
1176 978 1264 1020 sive
1292 979 1417 1033 quod,
1450 993 1545 1020 cum
1579 982 1696 1020 vetu-

134 1050 341 1093 stioribus
374 1051 460 1092 iam
493 1050 761 1105 temporibus
794 1049 913 1091 nullo
945 1049 1075 1091 dubio
1109 1051 1217 1090 satis
1250 1063 1372 1090 rarus
1401 1048 1570 1104 esset¹)‚
1605 1050 1697 1090 Ari-

134 1122 304 1163 stotelis
336 1123 445 1176 πρὸς
476 1122 527 1162 τὰ
556 1119 849 1176 Ἀλκμαίωνος
880 1120 1042 1174 libello,
1075 1120 1119 1161 in
1152 1135 1236 1175 quo
1269 1123 1312 1161 et
1343 1120 1427 1174 ipsi
1461 1118 1695 1176 Stagiritae

135 1207 302 1234 summa
328 1192 566 1247 sapientiae
593 1191 955 1234 Alcmaeonianae
989 1192 1242 1233 delineanda
1268 1195 1373 1246 erat,
1405 1194 1453 1232 ut
1480 1192 1696 1246 paratiore

134 1263 295 1305 auxilio
322 1264 387 1305 uti
414 1263 634 1305 malebant
661 1263 742 1304 viri
769 1263 896 1320 docti.
954 1263 1046 1304 Iam
1080 1278 1175 1305 cum
1207 1278 1260 1304 ne
1290 1263 1372 1304 hoc
1400 1261 1570 1316 quidem
1597 1277 1697 1317 opu-

136 1335 303 1376 sculum
331 1337 575 1389 temporum
601 1333 878 1388 iniquitatem
908 1334 979 1374 diu
1007 1334 1159 1375 tulisse
1186 1334 1393 1388 videatur,
1427 1333 1584 1375 mirum
1611 1349 1697 1375 11011

132 1409 199 1448 est
241 1406 355 1461 quod
387 1406 457 1447 vix
489 1405 677 1447 frustula
709 1405 877 1446 minuta
910 1405 1272 1446 Alcmaeonianae
1309 1405 1531 1446 doctrinae
1570 1405 1696 1446 nobis

134 1480 318 1519 exstant.
368 1476 429 1518 Et
454 1477 524 1518 vix
552 1479 618 1518 est
651 1491 726 1518 cur
759 1490 978 1530 speremus
1012 1475 1104 1517 fore
1137 1479 1186 1516 ut
1218 1490 1239 1516 e
1273 1475 1492 1518 codicibus
1520 1476 1696 1518 medicis

131 1549 322 1590 nondum
372 1548 480 1590 satis
532 1547 722 1590 excussis
770 1547 845 1588 lux
891 1547 1100 1602 quaedam
1145 1546 1424 1589 Crotoniatae
1476 1546 1697 1603 affulgeat.

134 1618 257 1668 Quod
297 1633 431 1674 genus
470 1633 571 1660 cave
611 1618 837 1673 decipiaris
872 1617 1065 1660 Crameri
1099 1616 1280 1674 (Anecd.
1313 1617 1476 1660 Graeca
1509 1618 1643 1659 Paris.
1677 1618 1695 1659 I

133 1690 232 1744 388,
260 1688 304 1746 7)
338 1689 478 1732 verbis
512 1689 598 1731 his:
635 1689 860 1744 „Plurima
892 1689 1040 1731 insunt
1073 1687 1180 1745 (scil.
1215 1689 1259 1730 in
1292 1690 1381 1731 cod.
1414 1688 1548 1731 Paris.
1584 1690 1696 1732 1853

135 1760 331 1814 scholiis)
364 1761 414 1802 de
448 1761 709 1803 Alcmaeone
743 1759 1016 1815 Crotoniata,
1056 1760 1107 1802 de
1139 1759 1412 1814 Parmenide,
1445 1760 1620 1802 Melisso
1655 1764 1698 1802 et

133 1831 433 1887 Xenophane“.
496 1832 563 1873 En
596 1832 730 1874 habes
768 1846 876 1886 quae
909 1831 1108 1886 precibus
1146 1831 1252 1873 meis
1287 1834 1529 1873 commotus
1563 1831 1698 1873 Kalb—

135 1903 354 1945 fleischius
407 1903 570 1945 amicus
616 1918 637 1944 e
683 1903 828 1945 codice
879 1903 954 1945 illo
1006 1903 1219 1957 excerpsit
1271 1902 1428 1953 (Paris.
1474 1917 1538 1958 gr.
1586 1904 1698 1945 1853

134 1974 207 2016 sol.
234 1972 384 2031 2295:
418 1975 580 2027 ἱστορεῖ
612 1971 659 2016 δὲ
692 1972 802 2030 (scil.
830 1974 1092 2016 Aristoteles
1126 1973 1228 2015 Met.
1254 1973 1294 2015 A
1314 1974 1353 2029 5,
1380 1975 1465 2016 986
1493 1989 1515 2015 a
1544 1975 1599 2016 22
1615 1973 1697 2030 sq.)

134 2046 200 2088 ὅτι
237 2044 309 2088 καὶ
342 2044 587 2101 Ἀλκμαίων
629 2045 650 2087 ὁ
691 2045 1000 2100 Κροτωνιάτης
1036 2047 1114 2087 τὸν
1152 2044 1288 2087 αὐτὸν
1324 2046 1489 2099 τρόπον
1526 2046 1697 2095 τούτοις

134 2115 244 2173 (scil.
277 2116 583 2172 Pythagoreis)
623 2115 893 2171 ἀπεφήνατο·
937 2118 999 2166 εἰς
1042 2117 1125 2171 γὰρ
1171 2115 1430 2158 ἐναντίωσίν
1468 2133 1566 2158 τινα
1610 2124 1698 2158 τῶν

134 2189 276 2230 ὄντων
314 2187 497 2230 ἕκαστον
537 2187 719 2241 ἀνάγειν
758 2187 957 2242 ἐπειρᾶτο
994 2186 1067 2229 καὶ
1105 2184 1234 2237 οὗτος
1271 2187 1329 2237 ὡς
1366 2187 1513 2242 ἀρχῶν
1551 2187 1698 2230 οὐσῶν

134 2266 222 2302 τῶν
260 2259 573 2302 ἐναντιώσεων.
634 2257 707 2300 καὶ
745 2258 771 2313 ἢ
810 2255 938 2309 οὗτος
976 2260 1051 2309 τὰς
1088 2258 1223 2314 ἀρχὰς
1259 2259 1417 2308 ταύτας
1457 2259 1574 2313 παρὰ
1612 2265 1703 2300 τῶν

135 2333 462 2385 Πυθαγορείων
482 2329 729 2385 παρέλαβεν
750 2330 775 2384 ἣ
797 2330 844 2372 οἵ
860 2332 1167 2385 Πυθαγόρειοι
1190 2330 1306 2384 παρὰ
1326 2331 1503 2372 τούτου·
1531 2332 1698 2385 ἔφθασε

137 2403 220 2456 γὰρ
247 2401 433 2456 γέροντα
458 2402 536 2443 τὸν
558 2403 836 2457 Πυθαγόραν
863 2401 886 2444 ὁ
903 2399 1159 2456 Ἀλκμαίων.
1211 2400 1411 2456 διαφέρει
1438 2400 1586 2455 μέντοι
1612 2408 1700 2442 τῶν

139 2474 465 2527 Πυθαγορείων
491 2469 633 2526 οὗτος,
659 2471 761 2527 παρ’
786 2471 892 2514 ὅσον
919 2472 1079 2515 ἐκεῖνοι
1105 2470 1186 2527 μὲν
1213 2471 1457 2527 ὡρισμένας
1483 2471 1699 2514 ὑπέθεντο

138 2543 213 2592 τὰς
247 2542 526 2592 ἐναντιώσεις
563 2541 635 2584 καὶ
671 2542 1015 2598 πεπερασμένας·
1056 2542 1160 2585 δέκα
1192 2543 1294 2597 γάρ·
1327 2543 1458 2592 αὐτὸς
1496 2541 1542 2585 δὲ
1583 2543 1701 2585 ἀπεί-

137 2630 243 2669 ρους
280 2612 351 2655 καὶ
391 2613 634 2667 ἀορίστους.
698 2612 856 2655 Confer
894 2613 1030 2669 ipsius
1069 2614 1322 2656 Aristotelis
1363 2614 1510 2668 verba,
1556 2614 1702 2656 confer

139 2699 247 2740 quae
281 2687 489 2726 annotant
515 2684 744 2739 Asclepius
778 2688 908 2739 atque
941 2685 1200 2727 Alexander:
1234 2686 1320 2726 iam
1354 2685 1518 2726 videbis
1552 2686 1701 2739 quanti

137 2756 243 2798 haec
276 2755 364 2797 sint
394 2756 534 2810 pretii.

262 2862 293 2905 1)
320 2860 585 2895 Anaximandri
611 2862 709 2895 certe
736 2860 831 2896 liber
856 2861 965 2905 longe
986 2861 1160 2896 maiorem
1188 2861 1285 2906 apud
1307 2872 1433 2896 omnes
1454 2861 1612 2906 gloriam
1639 2863 1702 2896 ad-

140 2921 248 2966 eptus
271 2918 486 2965 Apollodori
508 2919 581 2954 iam
604 2919 833 2965 temporibus
854 2919 1096 2955 difficillimus
1118 2922 1198 2954 erat
1218 2921 1370 2955 inventu
1391 2920 1512 2964 (Diog.
1529 2920 1589 2955 La.
1609 2921 1637 2954 11
1659 2923 1700 2964 1).

212 3045 422 3079 Wachtlor‚
443 3045 478 3069 (le
501 3045 683 3070 Alcmaeone
704 3046 887 3071 s'rotoniatu,
1399 3046 1418 3073 3
