2125 3439
744 243 1032 284 —55—

110 353 162 395 τὰ
184 350 264 408 μὲν
284 353 368 409 γὰρ
387 350 487 408 περὶ
512 353 564 394 τὰ
584 349 671 394 ὦτα
696 349 818 405 πέριξ
840 351 966 393 κενεὰ
987 348 1043 406 (v.
1062 365 1100 404 p.
1115 347 1191 404 43)
1213 347 1292 390 οὐκ
1318 347 1536 389 είσακούει
1562 348 1669 389 ἄλλο

111 424 136 478 ἢ
170 425 317 479 ψόφον
348 423 418 465 καὶ
452 425 596 478 ἰαχήν·
637 422 703 464 ὅτι
743 420 780 463 δ’
820 422 874 463 ἂν
914 422 986 463 διὰ
1021 427 1095 475 τῆς
1127 421 1337 474 μήνιγγος
1369 418 1413 468 ἐς
1443 421 1520 460 τὸν
1552 417 1669 472 ἐγκέ-

107 497 251 549 φαλον
282 494 475 549 εἰσέλθῃ,
507 499 636 535 τοῦτο
670 490 947 547 διαφραδέως
979 492 1182 533 ἀκούεται
1211 491 1358 545 ταύτῃ.
1409 489 1558 545 Longe
1586 489 1669 530 alia

106 564 277 607 narium
309 568 352 606 et
383 564 556 619 linguae
588 566 762 617 natura,
795 577 891 604 cum
926 566 970 604 et
1002 577 1126 603 nares
1160 562 1219 602 nil
1254 562 1341 602 sint
1372 561 1455 602 nisi
1490 561 1668 602 odorum

106 635 316 677 {zransitus
361 637 404 676 et
442 634 591 690 lingua
635 634 689 675 ad
726 633 949 675 diluendos
990 635 1159 674 tantum
1205 635 1334 686 atque
1380 632 1667 673 extrahendos

107 721 232 748 sucos
265 706 420 747 valeat.
472 705 614 755 Quid?
657 704 850 746 Aliterne
884 704 934 746 de
967 704 1065 745 aliis
1098 703 1296 744 sensibus
1327 703 1528 744 Alcmaeo
1563 702 1668 743 iudi-

105 777 248 819 cavit?
311 776 434 826 Quod
474 776 657 832 cogitari
696 791 823 831 posse
863 774 1044 817 Clidemi
1090 775 1215 815 docet
1260 774 1502 827 exemplum
1541 772 1668 826 (Dox.

104 848 204 902 510,
231 846 289 904 9).
350 847 513 889 Tamen
544 848 689 890 nescio
722 862 776 889 an
808 847 967 889 recbius
1005 846 1116 888 hanc
1154 844 1452 902 quaestionem
1492 844 1665 885 omnino

103 933 189 960 non
223 919 370 961 iniisse
403 919 709 961 Alcmaeonem
743 921 956 974 putemus.

740 1056 915 1101 Fragm.
947 1055 1026 1091 IX.

218 1132 377 1174 Arist.
405 1133 441 1174 d.
468 1147 538 1174 an.
564 1132 584 1173 Ι
611 1133 650 1188 2,
676 1132 763 1173 405
790 1147 815 1174 a
841 1132 915 1173 29:
947 1134 1259 1186 παραπλησίως
1285 1129 1333 1174 δὲ
1359 1133 1530 1182 τούτοις
1556 1130 1666 1188 (scil.

101 1203 162 1245 eis
208 1204 281 1258 qui
320 1205 545 1258 κινητικόν
583 1220 624 1245 τι
669 1204 857 1245 animam
902 1218 994 1245 esse
1041 1202 1273 1259 putabant)
1317 1201 1388 1245 καὶ
1424 1201 1666 1258 Ἀλκμαίων

99 1276 241 1316 ἔοικεν
272 1274 513 1329 ὑπολαβεῖν
545 1273 645 1328 περὶ
677 1281 837 1330 ψυχῆς·
866 1272 977 1329 ,φησὶ
1011 1275 1093 1328 γὰρ
1124 1275 1260 1328 αὐτὴν
1293 1274 1520 1317 ἀθάνατον
1552 1272 1664 1317 εἶναι

98 1346 171 1387 διὰ
208 1347 256 1388 τὸ
295 1345 483 1388 ἐοικέναι
521 1354 613 1396 τοῖς
650 1346 908 1395 ἀθανάτοις·
953 1353 1081 1388 τοῦτο
1122 1344 1161 1387 δ’
1206 1346 1418 1401 ὑπάρχειν
1459 1346 1567 1401 αὐτῇ
1608 1346 1665 1395 ὡς

99 1415 165 1458 ἀεὶ
197 1415 452 1472 κινουμένῃ·
492 1422 715 1460 κινεῖσθαι
746 1418 830 1473 γὰρ
861 1415 933 1459 καὶ
966 1418 1016 1458 τὰ
1048 1421 1151 1458 θεῖα
1183 1418 1324 1459 πάντα
1357 1425 1551 1472 συνεχῶς
1582 1416 1663 1470 ἀεί,

100 1490 303 1543 σελήνην,
334 1489 477 1543 ἥλιον,
508 1490 611 1539 τοὺς
642 1487 826 1544 ἀστέρας
858 1487 930 1530 καὶ
963 1489 1041 1530 τὸν
1074 1488 1269 1543 οὐρανὸν
1302 1488 1419 1530 ὅλον.

218 1559 520 1615 Simplicius
554 1561 612 1602 ad
639 1561 665 1602 l.
692 1560 718 1602 l.
746 1558 874 1616 (pag.
902 1561 971 1614 32,
998 1561 1024 1603 3
1058 1559 1339 1616 Hayduck):
1374 1559 1396 1601 ὁ
1419 1558 1664 1614 Ἀλκμαίων

99 1632 406 1687 Κροτωνιάτης
429 1666 436 1674 .
459 1667 465 1673 .
488 1666 495 1673 .
518 1666 526 1675 .
551 1633 663 1675 ἔοικε
690 1667 697 1674 .
720 1666 727 1673 .
752 1633 908 1686 ἄριστα
952 1635 1217 1686 φιλοσοφεῖν
1263 1631 1320 1681 ὡς
1357 1631 1403 1673 ἐκ
1446 1639 1535 1673 τῶν
1578 1639 1663 1673 νῦν

97 1702 347 1757 λεγομένων
385 1705 711 1758 τεκμαίρεσθαι·
759 1703 986 1745 ἀθάνατον
1024 1703 1106 1757 γὰρ
1146 1701 1262 1757 λέγει
1299 1703 1379 1757 τὴν
1419 1703 1566 1758 ψυχὴν
1605 1703 1662 1754 ὡς

97 1773 294 1817 ἐοικυῖαν
325 1783 417 1826 τοῖς
449 1775 700 1825 ἀθανάτοις.

213 1845 532 1901 Philoponus
572 1847 628 1888 ad
674 1847 699 1887 1.
732 1846 758 1888 l.
797 1845 925 1901 (pag.
959 1845 1032 1899 88,
1063 1846 1111 1886 11
1155 1845 1222 1887 ed.
1263 1844 1547 1903 Hayduck):
1587 1845 1658 1888 καὶ

95 1913 223 1966 οὗτος
255 1919 567 1972 Πυθαγόρειος
605 1918 667 1959 ὢν
705 1918 766 1966 εἰς
803 1918 851 1958 τὸ
891 1917 1229 1971 κινητικώτατον
1267 1923 1342 1970 τῆς
1374 1923 1515 1972 ψυχῆς
1552 1917 1658 1959 ἀπο-

93 1986 256 2042 βλέψας
295 1987 341 2030 ἐκ
373 1995 452 2030 τοῦ
484 1988 696 2043 οὐρανίου
736 1988 935 2042 σώματος
973 1987 1110 2042 αὐτὴν
1144 1989 1292 2041 ἔλεγεν
1324 1985 1437 2029 εἶναι
1476 1987 1547 2030 καὶ
1587 1990 1659 2030 διὰ

94 2065 222 2101 τοῦτο
255 2058 483 2101 ἀθάνατον
512 2085 565 2090 -
599 2059 848 2114 ἀεικίνητον
881 2059 963 2113 γὰρ
997 2059 1140 2113 ὥσπερ
1174 2058 1352 2101 κάκεῖνα
1379 2085 1433 2089 —
1468 2060 1659 2102 αὐτόθεν

96 2131 440 2185 συλλαμβάνων,
482 2131 548 2173 ὄτι
586 2132 638 2173 τὰ
677 2130 863 2186 οὐράνια
901 2129 1114 2172 ἀθάνατα.
1177 2130 1285 2172 ὅθεν
1325 2127 1406 2173 οὖν
1445 2128 1572 2181 οὗτος
1611 2134 1658 2173 τὸ

94 2203 338 2255 γνωστικὸν
371 2201 522 2244 ἐδίδου
554 2208 605 2257 τῇ
637 2207 777 2257 ψυχῇ,
815 2202 855 2242 εἰ
885 2198 964 2256 μὲν
1002 2200 1074 2242 καὶ
1107 2202 1240 2251 ἄλλας
1271 2202 1411 2252 αι’τίας
1445 2201 1658 2244 ἀπεδίδου

92 2278 166 2327 τῆς
189 2274 391 2327 γνώσεως
416 2273 563 2328 αὐτῆς,
589 2273 669 2315 οὐκ
696 2273 802 2328 ἐμὸν
829 2271 984 2327 λέγειν.
1030 2272 1129 2314 οὔτε
1156 2273 1238 2327 γὰρ
1265 2273 1316 2314 τὰ
1343 2273 1658 2328 συγγράμματα
1703 2264 1706 2269 ’

91 2351 179 2386 τῶν
211 2343 388 2399 ἀνδρῶν
425 2345 596 2387 τούτων
632 2346 842 2400 πρόχειρα
880 2343 984 2399 ἡμῖν
1018 2343 1136 2386 ἐστιν
1175 2344 1274 2386 οὔτε
1308 2344 1330 2387 ὁ
1361 2341 1658 2400 Ἀριστοτέλης

92 2414 226 2456 πλέον
258 2431 298 2456 τι
330 2415 498 2457 τούτων
531 2415 744 2469 ἱστόρησε.

213 2485 502 2540 Sophonias
534 2485 585 2527 in
617 2486 923 2541 paraphrasi
956 2486 980 2527 l.
1003 2486 1028 2527 l.
1057 2484 1186 2541 (pag.
1218 2486 1281 2540 14,
1303 2487 1351 2527 31
1386 2485 1654 2543 Hayduck)

93 2557 145 2598 ad
179 2557 358 2598 verbum
386 2556 668 2599 Aristotelica
700 2557 997 2612 transscripsit
1029 2556 1111 2599 nisi
1145 2557 1257 2613 quod
1288 2560 1387 2612 post
1409 2555 1654 2612 Ἀλκμαίων

92 2628 273 2670 inseruit
305 2628 328 2670 ὁ
362 2628 672 2683 Κροτωνιάτης
706 2630 1020 2683 Πυθαγορικὸς
1052 2630 1126 2670 ὥν.

206 2699 526 2740 Themistius
560 2698 609 2740 in
642 2699 950 2754 paraphrasi
983 2699 1060 2740 1.].
1090 2697 1150 2755 (II
1178 2699 1233 2740 24
1263 2699 1517 2755 Spengel):
1554 2702 1653 2742 τού-

90 2786 181 2820 τοις
219 2767 266 2811 δὲ
305 2771 616 2824 παραπλησίως
653 2768 724 2811 καὶ
757 2768 1002 2824 Ἀλκμαίων
1041 2770 1064 2811 ὁ
1106 2771 1413 2824 Κροτωνιάτης
1450 2773 1652 2825 φυσικός·

91 2839 200 2895 φησὶ
232 2841 315 2894 γὰρ
348 2840 485 2894 αὐτὴν
517 2841 742 2883 ἀθάνατον
775 2837 887 2883 εἶναι
927 2842 999 2882 διὰ
1032 2842 1079 2883 τὸ
1112 2841 1298 2895 μάλιστα
1337 2840 1524 2883 ἑοικέναι
1563 2850 1653 2892 τοῖς

91 2912 334 2961 ἀθανάτοις
366 2910 432 2953 ἀεὶ
465 2910 748 2966 κινουμένην·
790 2915 1012 2954 κινεῖσθαι
1042 2912 1124 2967 γὰρ
1163 2910 1234 2954 καὶ
1271 2913 1323 2953 τὰ
1361 2913 1470 2953 ἄλλα
1509 2913 1650 2955 πάντα

94 2990 300 3037 συνεχῶς,
332 2983 474 3036 ἥλιον,
507 2984 710 3037 σελήνην,
743 2984 845 3032 τοὺς
877 2981 1073 3038 ἀστέρας,
1106 2983 1182 3024 τὸν
1215 2982 1419 3037 οὐρανόν.
