2125 3439
778 296 829 299 „—
893 270 943 310 91
1012 294 1066 299 --

143 376 226 420 Sed
264 378 353 420 sive
393 377 608 419 conditam
641 391 733 419 esse
775 375 968 417 scholam
1007 374 1331 417 Crotoniensem
1372 390 1397 415 a
1428 373 1703 429 Calliphonte

146 449 304 500 credes,
330 447 419 490 sive
446 448 498 489 ad
524 447 702 489 eandem
728 446 890 487 diutius
918 446 1003 487 iam
1024 446 1248 487 florentem
1273 449 1424 500 postea
1443 460 1540 486 eum
1568 460 1705 487 acces-

145 519 252 561 sisse
278 519 420 560 verius
446 518 527 559 tibi
554 517 780 570 videbitur,
812 516 892 557 hoc
920 519 1117 558 constare
1143 516 1268 558 facile
1296 515 1402 557 mihi
1429 516 1562 570 dabis,
1593 516 1704 557 falso

145 575 360 631 Littreuin
380 587 604 643 (Hippocr.
627 586 644 627 Ι
669 585 742 642 16)
768 586 819 628 ad
840 585 1140 642 Pythagoreos
1162 587 1334 628 scholae
1356 587 1566 642 originem
1590 601 1704 628 revo-

145 674 254 702 care.
288 659 462 700 Etenim
477 657 752 710 Democedes⁷
767 657 984 711 quoniam,
1006 671 1101 698 cum
1119 657 1366 711 Polycrates
1388 657 1704 699 interficeretur

147 728 279 786 (anno
307 730 393 771 522
413 744 449 770 a.
470 727 570 770 Chr.
592 727 662 784 n.),
689 731 894 782 quattuor
920 742 1054 769 annos
1081 728 1208 768 domo
1230 727 1455 782 abesset¹)‚
1483 742 1592 769 anno
1620 728 1705 768 :325

147 799 334 843 Crotone
362 799 486 855 fugit.
537 799 628 841 Iam
655 813 751 841 cum
779 798 854 840 illo
880 801 1074 853 tempore
1107 797 1449 853 perfectissimus
1482 799 1565 839 iam
1592 803 1706 839 esset

148 871 338 914 medicus
365 869 438 927 (cf.
464 869 656 927 Herod),
691 870 822 911 etiam
849 872 976 911 antea
1001 869 1040 910 h.
1069 884 1102 911 e.
1134 869 1250 910 intra
1279 883 1414 910 annos
1441 870 1525 910 530
1553 873 1594 910 et
1622 870 1707 910 525

146 942 335 985 Crotone
368 944 571 997 aegrotos
604 955 778 982 sanasse
810 940 1028 996 putandus
1061 943 1138 982 est.
1202 939 1354 994 Itaque
1387 938 1707 994 Calliphontem

146 1016 312 1067 patrem
345 1013 436 1054 eius
475 1012 543 1054 vel
581 1015 679 1053 ante
718 1012 823 1053 haec
863 1014 1060 1066 tempora
1093 1009 1325 1053 Crotonem
1366 1010 1530 1051 venisse
1568 1024 1707 1051 cense-

144 1083 300 1139 bimus,
332 1086 375 1125 et
408 1083 442 1124 si
476 1083 589 1124 hunc
622 1097 790 1138 quoque
824 1082 1056 1124 accessisse
1089 1085 1261 1123 tantum
1295 1082 1346 1123 ad
1380 1080 1706 1124 Crotoniensem

145 1154 338 1196 scholam
370 1153 532 1195 diutius
565 1154 650 1195 iam
677 1154 901 1196 florentem
928 1153 1178 1208 conicimus,
1211 1153 1302 1194 sine
1330 1153 1460 1194 dubio
1489 1151 1706 1194 conditam

109 1215 111 1218 Δ
144 1239 239 1266 eam
270 1239 362 1266 esse
395 1224 587 1266 dicamus
621 1227 795 1279 oportet
826 1224 1050 1278 aliquanto
1091 1228 1190 1265 ante
1225 1225 1311 1265 530
1337 1238 1371 1265 a.
1399 1222 1496 1265 Chr.
1525 1239 1584 1276 n.‚
1623 1238 1706 1277 quo

145 1295 234 1337 fere
266 1310 378 1337 anno
404 1294 682 1350 Pythagoras
710 1294 984 1350 Polycratem
1016 1298 1249 1350 tyrannum
1282 1294 1451 1347 fugiens
1481 1293 1608 1336 Samo
1642 1309 1708 1335 ex-

147 1366 325 1408 cessisse
345 1365 460 1408 haud
480 1365 792 1408 incredibiliter
811 1366 949 1407 fertur
970 1364 1115 1421 (Diog.
1135 1365 1278 1406 La'ert.
1295 1365 1401 1407 VIII
1423 1364 1510 1421 30).
1556 1365 1708 1419 Itaque

146 1436 251 1492 quin
283 1436 440 1478 Littrei
474 1437 723 1479 coniectura
754 1436 968 1478 reicienda
1000 1437 1058 1478 sit
1090 1436 1279 1478 dubitari
1310 1436 1472 1490 nequit.

146 1588 369 1634 putabimus.
421 1588 493 1624 Sed
526 1588 623 1624 unde
656 1589 724 1624 illa
758 1589 957 1634 sumpserit
988 1589 1184 1633 Haesems,
1217 1599 1365 1634 prorsus
1399 1588 1539 1623 nescire
1573 1599 1630 1622 me
1657 1587 1710 1622 in-

145 1658 265 1692 genue
284 1647 417 1683 fateor.
457 1648 584 1683 Movet
603 1648 850 1692 suspicionem
870 1648 993 1684 Lac-rt.
1015 1648 1121 1694 Diog.
1147 1648 1230 1682 VIII
1251 1652 1282 1691 8,
1307 1653 1342 1682 1:
1369 1648 1414 1682 τὰ
1442 1647 1589 1692 ἰατρικὰ
1612 1650 1711 1681 Φιλι-

146 1709 298 1748 στίωνος
322 1713 387 1742 τοῦ
413 1709 692 1742 Σικελιωτοῦ
719 1706 893 1751 διήκουσε
919 1707 1010 1753 (scil.
1041 1708 1212 1742 Eudoxus
1241 1706 1418 1751 Cnidius),
1446 1706 1552 1741 καθὰ
1577 1707 1711 1741 Καλλί-

147 1779 264 1812 μαχος
290 1763 330 1801 ἐν
356 1770 432 1807 τοῖς
458 1767 591 1809 πίναξ-,ι’
613 1778 714 1811 φησι.
767 1766 819 1801 Cf.
844 1766 924 1800 VIII
946 1770 977 1810 8,
1006 1771 1036 1801 3.
1088 1766 1190 1802 Idem
1218 1779 1299 1802 cum
1327 1766 1419 1801 alibi
1445 1767 1556 1810 (Plut.
1584 1767 1709 1810 Symp.

149 1825 213 1860 VII
232 1831 247 1860 1
266 1843 308 1855 =
326 1825 538 1860 Ge11.XV11
556 1830 609 1868 11,
622 1829 658 1869 ὃς
675 1825 808 1861 Athen.
826 1830 892 1860 115
908 1825 956 1868 D;
973 1825 1100 1861 Galen.
1116 1825 1163 1859 iv
1181 1829 1248 1861 306
1265 1825 1320 1869 Κ.)
1342 1825 1488 1861 dicatur
1506 1825 1711 1868 Locrensis,

147 1885 272 1921 Locris
292 1887 423 1920 natum
441 1885 664 1929 scholaeque
686 1885 850 1920 medicae
871 1885 1016 1920 Siculae
1036 1885 1218 1920 asseclam
1240 1896 1324 1919 eum
1344 1884 1457 1920 fuisse
1477 1882 1711 1928 coniecerim,

149 1944 253 1979 cuius
273 1945 469 1989 praeterea
488 1945 655 1979 novimus
676 1946 881 1980 sectatores
903 1944 1176 1990 Empedoclem,
1197 1943 1429 1986 Pausaniam,
1452 1944 1645 1978 Aci-onem.
1666 1963 1711 1969 —

149 2003 322 2038 Ceterum
347 2005 389 2038 ut
405 2004 665 2039 Alcmaeonem
687 2006 799 2048 atque
820 2004 1078 2047 Deuioceden1‚
1104 2004 1158 2039 ita.
1179 2003 1329 2038 Cnidios
1351 2003 1498 2039 secandi
1519 2004 1598 2037 arte
1626 2005 1710 2038 aute

150 2074 277 2098 omnes
302 2061 467 2108 insignes
487 2062 601 2097 fuisse
623 2062 731 2098 docet
751 2062 914 2098 Galenus
937 2063 966 2097 11
989 2066 1068 2106 900,
1093 2067 1151 2106 15;
1173 2062 1239 2098 XV
1264 2066 1329 2098 13ss
1350 2062 1409 2104 K.;
1436 2065 1473 2097 et
1493 2061 1641 2097 eosdem
1669 2073 1712 2096 ea

150 2133 308 2167 quoque,
334 2133 428 2166 quae
455 2121 501 2156 ad
522 2121 683 2156 hominis
710 2121 987 2166 generationem
1015 2126 1052 2157 et
1078 2133 1202 2156 sexum
1231 2121 1426 2166 pertinent,
1455 2124 1540 2156 ante
1567 2123 1711 2156 ceteras

149 2178 356 2216 medicinae
383 2182 509 2226 partes
536 2192 678 2216 summo
705 2181 827 2216 studio
855 2180 1058 2216 excoluisse
1084 2181 1169 2216 inde
1195 2183 1318 2225 patet,
1351 2181 1449 2225 quod
1483 2192 1609 2216 omncs
1637 2181 1711 2216 fere

147 2239 384 2275 collectionis
417 2240 705 2285 Hippocraticae
738 2240 783 2274 de
817 2239 1087 2285 gynaecologia
1119 2241 1157 2274 et
1183 2240 1438 2285 embryologia
1468 2239 1555 2274 libri
1583 2252 1604 2274 a
1631 2239 1734 2274 Cui--

149 2298 296 2334 diorum
322 2298 492 2334 doctrina,
517 2299 630 2334 alieni
657 2312 728 2334 non
756 2310 836 2334 esse
864 2299 1036 2334 videntur
1062 2299 1124 2343 (de
1150 2299 1264 2335 morb.
1296 2298 1402 2343 mul.‚
1435 2300 1480 2334 de
1507 2299 1638 2341 εἰει-ἢ,
1666 2298 1711 2333 de

149 2356 207 2393 hie
233 2369 327 2402 quae
355 2358 403 2392 ad
429 2358 610 2403 virginem
639 2360 820 2404 spectant,
848 2359 882 2394 d.
903 2361 977 2393 nat.
999 2359 1099 2402 mul.,
1126 2358 1170 2392 de
1193 2358 1378 2403 genitura,
1405 2358 1450 2392 de
1478 2357 1587 2392 GinS.
1609 2358 1710 2401 feet,

149 2417 195 2451 de
221 2417 432 2461 superfoet.,
459 2417 504 2452 de
531 2416 676 2462 septim.
698 2420 822 2463 partu,
848 2417 892 2453 de
920 2421 1052 2453 octom.
1076 2419 1212 2462 partu).

272 2476 306 2521 1)
331 2475 466 2511 Herod.
493 2475 543 2509 ΙΙΙ
566 2480 648 2511 131:
679 2476 864 2518 καταστὰς
891 2475 926 2512 δ’
957 2473 993 2517 ἐς
1018 2478 1173 2522 Αἴγιναν
1199 2480 1247 2523 τῷ
1274 2476 1405 2523 πρώτῳ
1432 2475 1507 2511 ἔτεϊ
1530 2476 1712 2523 ’ὑπερεβά-

149 2538 229 2571 Zeto
256 2535 340 2575 τοὺς
365 2534 497 2575 ἄλλους
524 2534 671 2580 ἰητροὺς
697 2535 856 2579 ἀσκευής
882 2549 950 2580 περ
977 2533 1048 2571 ἐὼν
1081 2535 1143 2570 καὶ
1171 2534 1263 2581 ἔχων
1291 2534 1402 2570 οὐδὲν
1434 2541 1506 2570 τῶν
1533 2534 1601 2570 ὅσα
1627 2535 1713 2580 περὶ

149 2593 216 2639 τὴν
242 2592 376 2639 τέχνην
402 2591 478 2629 ἐστὶ
505 2591 691 2640 ἕργαλήϊα.
743 2596 811 2629 καί
832 2609 895 2640 μιν
929 2594 1088 2641 δευτέρῳ
1123 2594 1196 2629 ἔτεϊ
1219 2594 1402 2629 ταλάντου
1429 2593 1620 2639 Αἰγινῆται
1647 2596 1713 2638 δη-

149 2654 258 2699 μοσίῃ
284 2655 520 2698 μισθοῦνται,
547 2655 655 2700 τρίτῳ
682 2652 721 2688 δὲ
751 2652 827 2688 ἔτεϊ
847 2653 1038 2698 Ἀθηναῖοι
1065 2650 1199 2689 ἑκατὸν
1225 2651 1358 2699 μνέων,
1384 2653 1544 2701 τετάρτῳ
1570 2651 1611 2688 δὲ
1639 2652 1714 2688 ἔτεϊ

151 2711 393 2757 Πολυκράτης
413 2714 513 2747 δυῶν
533 2712 736 2748 ταλάντων.
759 2733 798 2738 -
822 2713 1032 2748 Herodotus
1053 2725 1135 2748 cum
1157 2713 1249 2748 adeo
1270 2715 1443 2748 accurate
1464 2713 1710 2758 praemiorum

149 2783 311 2806 summas
339 2775 529 2806 enumeret
554 2776 592 2806 et
617 2774 740 2807 cetera
766 2783 911 2816 quoque
931 2772 976 2806 de
999 2771 1208 2807 Democede
1235 2771 1518 2817 diligentissime
1539 2773 1711 2817 exponat,

149 2830 206 2864 his
239 2830 283 2864 de
316 2830 442 2873 rebus,
474 2842 556 2865 curn
582 2831 732 2866 Thuriis
765 2834 990 2874 versaretur,
1025 2831 1072 2866 ab
1098 2830 1188 2876 ipsis
1221 2831 1374 2866 medicis
1410 2831 1711 2867 Crotoniensibus

150 2887 284 2924 certior
316 2889 436 2924 factus
469 2900 548 2925 esse
576 2889 741 2933 videtum
775 2901 859 2925 nam
887 2890 1046 2926 Crotone
1073 2901 1155 2925 eum
1186 2890 1298 2926 fuisse
1325 2902 1344 2926 e
1368 2891 1396 2925 V
1417 2894 1523 2935 44sq.
1551 2892 1708 2926 constat.

151 2947 229 2983 Iam
250 2949 418 2993 apparet,
443 2959 507 2983 cur
527 2947 700 2984 laudibus
721 2950 870 2984 eosdem
891 2950 1057 2984 cumulet
1075 2949 1126 2984 ΙΙΙ
1152 2953 1229 2992 131,
1256 2949 1318 2994 qui
1343 2949 1388 2985 de
1410 2949 1553 2995 pati-iac
1574 2949 1710 2985 scholis

150 3006 364 3053 praeclaris,
392 3005 522 3042 Cnidia.
548 3007 691 3044 scilicet
715 3007 874 3054 Coaque,
901 3019 1052 3054 proi-sus
1079 3012 1215 3044 taceat.
