2125 3439
820 265 1109 305 ,37-

187 370 320 412 trario
348 370 401 412 ad
427 371 611 412 alterum
639 373 814 423 tractae,
846 385 1014 424 semper
1040 370 1152 411 inter
1179 370 1396 412 contraria
1422 371 1544 426 quasi
1572 385 1745 425 suspen-

186 455 257 483 sae
283 441 429 495 itaque
456 455 600 482 eorum
635 440 868 495 participes
902 441 998 482 sint.
1045 440 1205 482 Contra
1233 441 1433 483 Alcmaeo
1467 456 1516 483 ex
1544 441 1668 483 initio
1702 442 1742 482 in

185 512 344 553 mundo
377 511 558 553 existere
591 511 807 553 contraria
846 525 981 565 neque
1015 511 1099 552 alio
1134 512 1317 566 quodam
1349 527 1370 553 e
1405 512 1615 567 principio
1649 515 1744 554 orta

182 596 286 635 esse,
312 582 444 623 immo
464 582 559 636 ipsa
580 581 790 636 principia
817 596 909 622 esse
937 581 1168 622 existimat.
1210 582 1303 631 Qua
1331 597 1373 623 re
1403 584 1460 637 fit,
1487 586 1535 624 ut
1561 584 1602 624 id
1630 584 1743 638 quod

185 651 430 693 Heraclitus
451 651 702 705 saepissime
723 652 857 706 ponit,
886 651 1067 693 alterum
1089 653 1353 693 contrarium
1382 654 1493 695 idem
1514 669 1604 695 esse
1632 655 1743 710 quod

183 722 382 776 alterum,
413 722 466 762 ab
501 721 778 764 Alcmaeonis
811 722 1012 776 opinione
1046 736 1174 776 quam
1208 723 1392 765 maxime
1426 726 1605 767 recedat.

300 792 391 834 Iam
429 807 481 834 ne
521 792 699 834 alterius
739 792 911 847 quidem
957 793 1069 847 quod
1109 796 1175 834 est
1215 808 1235 833 e
1275 793 1492 847 primariis
1532 795 1743 837 Heracliti

182 863 365 906 decretis
398 864 448 906 de
482 863 595 918 ignis
628 863 840 918 principio
867 864 1053 919 vestigia
1085 864 1195 918 apud
1223 863 1528 906 Alcmaeonem
1559 866 1743 908 invenio.

180 934 333 989 Neque
372 934 485 976 enim
524 949 706 989 usquam
746 935 952 976 maiorem
985 935 1071 976 vim
1111 935 1307 976 concedit
1345 935 1472 976 calidi
1512 935 1742 991 frigidique

181 1005 408 1048 contrariis
442 1020 570 1059 quam
604 1006 774 1059 ceteris,
814 1006 876 1046 ita
914 1009 962 1046 ut
1001 1005 1131 1047 etiam
1163 1005 1207 1047 in
1242 1020 1419 1060 corpore
1456 1006 1660 1061 humano,
1702 1008 1742 1049 in

181 1092 265 1131 quo
310 1076 492 1118 maxime
545 1076 776 1131 conspicua
821 1079 887 1118 est
932 1076 1059 1118 calidi
1103 1079 1318 1130 potestas,
1369 1077 1504 1119 nihilo
1550 1078 1646 1132 plus
1692 1079 1742 1119 ad

180 1147 378 1188 morbum
411 1147 683 1188 efficiendum
719 1147 857 1188 valere
891 1162 939 1188 ea
972 1151 1144 1189 censeat
1186 1162 1313 1201 quam
1351 1147 1488 1189 dulcis
1522 1149 1742 1202 amarique

179 1217 408 1259 contraria.
461 1217 691 1258 Praeterea
717 1218 941 1259 stellarum
970 1218 1140 1273 igneam
1167 1222 1367 1259 naturam
1394 1219 1519 1272 plane
1546 1219 1743 1275 negligit,

181 1291 348 1330 motum
381 1287 551 1342 premit.
614 1287 808 1342 Denique
842 1288 1102 1330 Aristoteles
1136 1288 1236 1330 Met.
1265 1290 1301 1330 A
1335 1291 1361 1328 ι’)
1394 1304 1445 1330 ne
1480 1290 1742 1332 mentionem

179 1358 353 1414 quidem
384 1358 490 1400 facit
521 1363 691 1414 θερμοῦ
724 1358 791 1401 vel
823 1365 1008 1414 ψυχροῦ.

299 1429 435 1471 Porro
467 1444 553 1471 non
586 1429 894 1485 negligendum
927 1444 1020 1472 esse
1055 1430 1233 1484 videtur,
1267 1431 1482 1484 quomodo
1516 1432 1565 1472 de
1601 1433 1743 1487 cogni-

180 1501 296 1543 tione
339 1501 528 1542 humana
579 1503 758 1555 uterque
810 1501 1075 1542 iudicaverit.
1138 1501 1342 1542 Alcmaeo
1389 1501 1634 1543 coniectura
1680 1504 1742 1544 uti

178 1572 372 1614 modeste
407 1573 632 1627 gravatur,
669 1574 821 1626 utpote
860 1572 1018 1613 rationi
1058 1586 1210 1626 parum
1250 1572 1456 1626 eonfisus3
1496 1572 1742 1615 Heraclitus

179 1643 347 1685 ἅπαντα
368 1644 418 1684 τὰ
439 1643 628 1697 αἰσθητὰ
649 1640 715 1684 ἀεὶ
737 1642 832 1697 ῥεῖν
854 1643 1090 1684 arbitratus
1113 1642 1234 1693 (Met.
1259 1642 1275 1682 Ι
1297 1644 1335 1695 6,
1353 1644 1436 1684 987
1461 1658 1485 1684 a
1505 1644 1578 1697 323
1608 1643 1744 1685 Zeller

177 1711 222 1754 I5
244 1712 347 1769 715)
367 1728 516 1755 sensus
538 1714 663 1768 plane
684 1714 850 1768 spernit
870 1717 912 1754 et
929 1714 1034 1768 δόξῃ
1055 1716 1225 1755 tantum
1246 1713 1400 1755 nititur
1421 1728 1553 1768 eaque
1571 1715 1743 1768 σφόδρα

177 1786 340 1842 βεβαίῳ
360 1783 430 1826 καὶ
453 1784 745 1841 ἀμεταπείστςο
768 1783 842 1840 (M.
864 1783 969 1826 Mor.
985 1783 1026 1825 II
1045 1787 1068 1825 4
1103 1785 1206 1826 1:201
1233 1785 1257 1825 b
1282 1786 1338 1839 ἶ).
1384 1783 1533 1832 Qualis
1560 1785 1743 1826 exsistat

178 1856 379 1908 medicus,
411 1855 484 1909 qui
511 1855 722 1897 Heracliti
751 1855 1002 1897 methodum
1033 1858 1249 1910 sequatur,
1277 1855 1419 1896 videre
1452 1855 1553 1897 licet
1586 1870 1606 1896 e
1642 1855 1741 1896 libri

177 1927 227 1968 de
262 1927 375 1968 victu
415 1927 590 1981 ineptiis
630 1924 780 1983 (Hipp.
808 1926 870 1967 VI
897 1928 982 1968 466
1018 1926 1068 1982 L3
1125 1926 1262 1968 Zeller
1297 1924 1341 1966 15
1377 1928 1461 1968 694
1478 1926 1578 1982 sq),
1617 1941 1743 1981 quem

178 1998 249 2051 qui
283 1997 459 2052 scripsit
491 1997 761 2052 ὀφθαλμοῖσι
788 2000 954 2051 μᾶλλον
988 1997 1012 2051 ἢ
1043 2003 1093 2052 τῇ
1121 1998 1272 2053 γνώμῃ
1298 1998 1521 2039 πιστεύειν
1547 1998 1742 2040 homines

177 2068 486 2123 incredibilem,
518 2071 566 2110 ut
598 2068 799 2122 medicus,
832 2068 874 2109 in
909 2068 1083 2110 modum
1117 2069 1323 2123 queritur.

295 2139 356 2181 At
392 2139 700 2195 gravissimum
732 2155 824 2182 esse
865 2140 1013 2182 dicunt
1058 2140 1171 2194 quod
1211 2140 1261 2181 de
1301 2139 1440 2181 stellis
1480 2139 1605 2193 plane
1647 2154 1741 2180 con—

178 2211 340 2253 sentiat
373 2225 469 2253 eum
502 2210 735 2252 Heraclito.
800 2210 965 2253 Vereor
1004 2214 1166 2264 tamen,
1206 2226 1258 2252 nc
1291 2211 1419 2252 nimis
1453 2225 1584 2251 unum
1622 2210 1742 2269 illum

177 2282 227 2324 de
253 2281 355 2323 luna
381 2296 639 2324 consensum
665 2281 729 2323 illi
756 2282 1003 2336 presserint.
1056 2281 1195 2331 Quid?
1250 2281 1400 2323 Nonne
1428 2280 1532 2322 solis
1560 2282 1742 2321 formam

178 2353 349 2405 planam
376 2367 469 2394 esse
498 2353 700 2395 Alcmaeo
728 2353 883 2394 finxit?
936 2352 1044 2402 Quid
1080 2353 1192 2407 quod
1225 2353 1362 2394 solem
1395 2351 1551 2394 cotidie
1583 2366 1742 2392 novum

178 2423 282 2465 oriri
321 2424 417 2464 vult
454 2423 688 2478 Ephesius,
727 2438 852 2478 quem
893 2423 1239 2465 immortalitatis
1279 2423 1498 2477 specimen
1537 2422 1742 2464 Alcmaeo

177 2494 431 2549 proposuit?
471 2494 585 2548 quod
618 2494 866 2548 stellarum,
899 2509 1004 2549 quas
1038 2494 1203 2535 divinas
1237 2508 1328 2535 esse
1363 2495 1578 2534 statutum
1611 2493 1743 2535 habet

180 2565 402 2618 Alcmaeo,
443 2579 658 2606 summum
698 2580 795 2606 eum
835 2565 967 2607 fuisse
1007 2567 1350 2619 contemptorem
1388 2564 1632 2619 fragmenta
1671 2563 1740 2618 (cf.

177 2636 315 2678 Zeller
335 2635 380 2677 If'
401 2637 498 2690 625,
519 2637 564 2691 ὅ)
587 2636 774 2677 docent?
814 2636 881 2676 Ab
909 2635 991 2677 hoc
1018 2639 1064 2676 tu
1093 2636 1237 2676 credes
1265 2636 1314 2676 de
1342 2650 1426 2676 una
1454 2635 1578 2676 lunae
1603 2635 1741 2676 forma

178 2708 376 2749 edoctum
421 2721 513 2748 esse
547 2706 886 2748 Alcmaeonem?
952 2706 1212 2748 Praesertim
1259 2720 1387 2760 quam
1432 2721 1484 2747 nc
1530 2705 1740 2747 invenisse

179 2778 350 2832 quidem
383 2776 631 2818 Heraclitus
665 2778 881 2831 putandus
916 2777 983 2818 sit.
1042 2776 1160 2818 Duac
1200 2778 1312 2818 enim
1353 2776 1439 2818 illis
1472 2777 1740 2830 temporibus

179 2848 379 2902 vulgatae
402 2851 525 2889 erant
545 2848 594 2889 dc
615 2848 753 2889 stellis
781 2848 1021 2902 opiniones:
1044 2847 1179 2888 altera
1201 2847 1521 2902 simplicissima
1542 2850 1669 2902 atque
1691 2863 1738 2888 ex

178 2918 274 2973 ipsa
306 2918 529 2960 stellarum
558 2918 697 2973 specie
733 2922 891 2960 temere
925 2921 1166 2972 assumpta,
1202 2918 1352 2972 planos
1387 2932 1457 2959 eas
1490 2932 1581 2958 esse
1615 2918 1740 2959 orbes

178 2989 345 3045 igneos3
386 2989 522 3031 altera
554 3004 701 3030 corum
740 2989 812 3044 qui
845 2989 984 3044 magis
1017 2989 1175 3030 exculti
1216 2992 1259 3030 et
1290 2988 1414 3030 lunae
1451 2988 1640 3044 solisque
1675 2990 1740 3031 de-
