2125 3439
403 316 557 357 addere
590 313 733 368 potuit
761 312 832 368 (cf.
859 326 954 367 pag.
984 310 1042 367 6),
1075 325 1336 365 quamquam
1356 309 1680 365 Theophrasteo
1708 323 1835 364 opere
1862 325 1958 352 eum

406 400 528 425 usum
556 398 646 425 esse
674 386 856 425 constat.
910 380 991 423 Sed
1017 382 1108 436 ipse
1130 381 1454 436 Theophrastus
1481 381 1531 422 de
1558 381 1818 422 Alcmaeone
1843 380 1958 422 haud

405 455 493 495 scio
526 468 579 494 an
605 453 743 494 fusius
773 453 904 493 verba
934 466 1021 493 non
1046 450 1251 508 feceritl)
1302 451 1351 493 In
1376 454 1587 494 tractatus
1615 451 1664 492 de
1692 465 1820 492 sensu
1845 453 1958 492 certe

405 524 596 578 reliquiis
629 523 882 564 brevissime
917 523 966 564 de
1000 537 1049 564 eo
1081 523 1251 564 locutus
1283 537 1335 564 ne
1363 522 1632 564 recensendis
1666 522 1838 576 quidem
1870 522 1959 576 pla-

401 595 496 636 citis
542 594 631 635 eius
677 593 910 648 quidquam
955 608 1107 648 operae
1146 593 1318 646 tribuit,
1364 607 1448 647 quo
1493 593 1641 634 labore
1687 607 1788 634 cave
1832 595 1958 647 putes

401 665 558 706 idcirco
592 678 689 705 eum
724 663 1034 718 supersedisse,
1074 664 1186 718 quod
1219 663 1494 705 Alcmaeouis
1534 663 1705 705 decreta
1742 663 1958 718 probaret,

401 736 532 776 immo
561 734 674 775 edito
703 734 956 775 Aristotelis
987 734 1064 775 illo
1098 738 1247 776 contra
1273 733 1581 775 Alcmaeonem
1606 734 1719 775 libro
1751 733 1960 789 peculiari

401 819 572 859 operam
611 807 738 858 atque
772 803 913 846 oleum
953 819 997 845 se
1029 804 1299 858 perditurum
1326 819 1417 846 esse
1457 804 1637 858 putavit.
1701 804 1812 853 Quid
1846 804 1958 859 quod

400 877 530 916 etiam
563 890 613 916 ea
652 889 758 928 quae
799 890 849 916 ex
883 874 1046 916 Galeno
1087 874 1216 915 attuli
1254 875 1305 915 de
1337 874 1596 916 Alcmaeone
1629 873 1745 915 dicta
1781 875 1958 916 minime

401 946 585 1000 probant
627 945 781 986 librum
830 945 947 986 illius
986 945 1184 986 manibus
1223 944 1538 1000 Pergamenum
1578 944 1817 986 tractasse?
1881 946 1958 987 Ac—

400 1018 511 1058 cedit
532 1016 644 1071 quod
666 1016 760 1058 loco
782 1016 857 1057 illo
880 1015 1132 1068 clarissimo,
1160 1030 1244 1069 quo
1266 1015 1448 1056 Rhodiis
1470 1013 1571 1056 Cois
1592 1013 1756 1056 Cnidiis
1783 1015 1960 1058 medicis

405 1087 574 1129 Italicos
613 1085 718 1142 (quo
757 1087 929 1128 nomine
969 1089 1013 1128 et
1053 1085 1221 1128 Siculos
1260 1089 1303 1127 et
1339 1085 1616 1128 Crotoniatas
1656 1086 1959 1141 comprehendi

403 1173 528 1212 posse
562 1171 662 1198 sane
689 1160 755 1198 est
787 1155 1123 1212 concedendum)
1158 1157 1351 1211 opponit,
1385 1155 1552 1198 Siculae
1584 1159 1755 1198 tantum
1787 1157 1960 1199 scholae

402 1230 586 1271 asseclas
620 1229 774 1284 dignos
808 1231 953 1270 censet
986 1243 1169 1283 quorum
1202 1228 1378 1270 nomina
1411 1227 1562 1269 afferat
1595 1226 1664 1284 (de
1693 1227 1824 1269 meth.
1850 1228 1958 1269 med.

401 1301 416 1340 '1
452 1302 469 1341 l
502 1321 556 1333 =
585 1299 619 1340 X
649 1300 675 1338 ἴ)
698 1298 787 1355 Κ.);
827 1298 897 1341 καὶ
935 1301 1134 1352 πρόσθεν
1166 1297 1246 1353 μὲν
1278 1301 1366 1353 ε”ρις
1403 1296 1459 1352 ἧν
1497 1299 1550 1340 οὐ
1588 1299 1747 1352 σμικρὰ
1785 1305 1961 1352 νικῆσαι

401 1377 459 1427 τῷ
493 1373 654 1424 πλήθει
688 1378 773 1411 τῶν
804 1370 1063 1425 εὑρημάτων
1095 1369 1312 1423 ἀλλήλους
1344 1368 1655 1423 ὀριγνωμένων
1689 1376 1775 1410 τῶν
1807 1369 1855 1411 ἐν
1884 1371 1959 1425 Κῷ

399 1440 469 1482 καὶ
509 1442 679 1497 Κνίὸῳ·
724 1442 870 1482 διττὸν
914 1441 996 1494 γὰρ
1035 1442 1096 1481 ἔτι
1134 1446 1262 1481 τοῦτο
1307 1442 1355 1481 τὸ
1393 1439 1520 1492 γένος
1560 1437 1615 1493 ἦν
1653 1447 1741 1481 τῶν
1779 1438 1849 1481 ἐπὶ
1885 1446 1961 1494 τῆς

400 1514 540 1561 Ασιάς
573 1508 921 1564 Ἀσκληπιαδῶν,
959 1510 1233 1560 ἐπιλιπόντος
1269 1516 1348 1552 τοῦ
1386 1511 1493 1551 κατὰ
1518 1509 1686 1551 Ῥόδον·
1724 1511 1874 1564 ἤριζον
1913 1508 1961 1551 δὲ

401 1582 549 1631 αὐτοῖς
588 1583 667 1635 τὴν
706 1581 880 1634 ἀγαθὴν
920 1583 1013 1635 ἔριν
1057 1580 1230 1634 ἐκείνην
1255 1615 1261 1622 .
1284 1615 1291 1621 .
1314 1615 1320 1622 .
1343 1615 1350 1621 .
1374 1579 1447 1622 καὶ
1490 1581 1537 1622 οἶ
1576 1580 1622 1622 ἐκ
1666 1586 1740 1633 τῆς
1778 1579 1962 1630 Ἰταλίας

402 1652 541 1705 ἰατροὶ
584 1654 822 1693 Φιλιστίων
862 1667 905 1693 τε
949 1650 1020 1692 καὶ
1057 1650 1349 1705 Ἐμπεδοκλῆς
1393 1649 1465 1692 καὶ
1504 1653 1763 1700 Παυσανίας
1805 1649 1875 1692 καὶ
1918 1651 1964 1694 οἱῗ

400 1724 567 1765 τούτων
601 1722 782 1777 ἑταῖροι·
820 1721 892 1764 καὶ
929 1731 1043 1776 τρεῖς
1076 1719 1196 1764 οὗτοι
1229 1724 1353 1778 χόροι
1384 1723 1493 1776 πρὸς
1524 1721 1740 1776 ἀλλήλους
1771 1721 1960 1777 ἁμιλλω-

401 1793 544 1847 μένων
577 1792 778 1846 ἐγένοντο
813 1794 984 1847 ἰατρῶν.
1045 1795 1276 1842 πλείστους
1315 1790 1395 1847 μὲν
1427 1789 1510 1834 οὖν
1548 1782 1858 1846 καὶ’ἀρίστους
1888 1810 1960 1849 χο-

401 1865 554 1917 ρευτὰς
592 1864 614 1905 ὁ
655 1865 781 1920 Κῷος
818 1864 1059 1919 εὐτυχήσας
1097 1861 1233 1917 εἶχεν,
1278 1863 1406 1917 ἐγγὺς
1444 1861 1492 1904 δὲ
1532 1865 1593 1905 ἔτι
1633 1865 1772 1921 τούτῳ
1811 1865 1834 1907 ὁ
1875 1864 1959 1906 ἀπὸ

400 1941 474 1988 τῆς
514 1936 705 1987 Κνίόου,
749 1936 882 1988 λόγου
928 1932 975 1975 δὲ
1014 1932 1069 1988 ἧν
1107 1934 1225 1984 ἄξιος
1269 1935 1323 1976 οὐ
1361 1940 1549 1988 σμικροῦ
1589 1933 1661 1976 καὶ
1700 1935 1722 1977 ὁ
1762 1935 1846 1977 ἀπὸ
1884 1941 1961 1990 τῆς

397 2003 593 2054 Ἰταλίας.
644 2005 839 2059 Denique
867 2006 1000 2046 libere
1028 2006 1118 2060 ipse
1147 2004 1336 2046 Galenus
1364 2006 1611 2046 confitetur:
1645 2006 1959 2060 συγγράμματα

401 2079 579 2117 πλεῖστα
600 2083 686 2117 τῶν
706 2079 904 2117 παλαιῶν
925 2075 1102 2129 ἀνδρῶν
1123 2075 1267 2117 οὐκέτι
1289 2077 1467 2126 σώζεται
1488 2075 1590 2131 (XV
1605 2077 1657 2117 67
1676 2075 1757 2132 Κ).
1797 2076 1960 2118 Contra

404 2146 540 2200 Meno,
569 2162 828 2201 quamquam
855 2161 963 2200 quae
990 2147 1033 2187 in
1057 2146 1196 2188 lucem
1223 2161 1358 2201 nuper
1378 2147 1630 2201 prodierunt
1657 2162 1707 2188 ex
1727 2147 1839 2188 libro
1867 2147 1958 2189 eius

401 2220 603 2272 excerpta
635 2217 759 2271 plane
791 2216 898 2258 nihil
931 2218 981 2258 de
1017 2217 1273 2259 Alcmaeone
1305 2232 1384 2258 nos
1418 2218 1592 2272 docent,
1630 2218 1734 2272 quin
1768 2233 1817 2259 ea
1850 2233 1958 2272 quae

402 2288 451 2328 ‹le
486 2287 765 2329 Crotoniatae
805 2287 976 2341 placitis
1015 2288 1134 2329 nullo
1173 2287 1304 2329 dubio
1343 2289 1542 2342 exposuit
1579 2303 1630 2330 ex
1670 2289 1806 2343 ipsius
1846 2289 1957 2330 libro

401 2358 594 2399 hauserit
612 2372 698 2399 11011
719 2361 784 2399 est
804 2372 878 2399 cur
899 2358 1157 2412 dubitemus,
1179 2373 1275 2400 cum
1290 2358 1572 2400 Aristotelem
1594 2359 1958 2413 Theophrastum-

402 2443 481 2482 que
515 2443 563 2469 οο
597 2443 723 2469 usum
750 2442 842 2469 esse
875 2432 1054 2470 constet.
1105 2428 1215 2477 Quin
1244 2430 1375 2470 etiam
1403 2428 1657 2471 Callimachi
1690 2431 1958 2485 temporibus

404 2499 594 2540 libellum
622 2499 841 2540 exstitisse
875 2513 896 2540 0
923 2499 1062 2553 primo
1090 2500 1335 2555 fragmento
1364 2499 1435 2555 (cf.
1462 2514 1558 2556 pag.
1586 2499 1662 2556 34)
1690 2501 1957 2543 coniecerim.

402 2569 483 2610 Est
516 2570 628 2610 enim
661 2584 682 2610 e
715 2584 832 2611 more
860 2569 1115 2611 Callimachi
1147 2570 1191 2611 in
1218 2571 1416 2612 πινάκων
1449 2585 1488 2625 q.
1515 2586 1551 2612 V.
1580 2571 1834 2627 fragmentis
1867 2572 1957 2614 ubi-

403 2655 482 2693 que
522 2639 772 2695 conspicuo,
812 2640 1020 2682 librorum
1059 2641 1414 2696 inscriptionibus
1453 2642 1605 2683 addere
1643 2643 1784 2697 prima
1820 2643 1956 2684 totius

404 2756 611 2799 pretatione
633 2756 828 2790 ridiculum
850 2757 1059 2801 Sophoniae
1086 2757 1131 2792 de
1153 2757 1389 2792 Alcmaeonis
1410 2760 1533 2793 aetate
1554 2768 1714 2793 errorem
1736 2759 1858 2793 ortum
1878 2769 1956 2793 esse

402 2816 578 2859 appareat
603 2814 661 2856 (cs.
682 2826 765 2859 pag.
787 2818 819 2858 8,
841 2817 884 2859 3).

524 2876 556 2915 1)
584 2872 695 2906 Plane
722 2875 880 2917 negligit
909 2885 1101 2919 exponere,
1129 2887 1192 2910 0111·
1215 2874 1267 2910 eis
1290 2875 1549 2910 Alcmaeonem
1577 2866 1793 2911 annumeret
1818 2875 1881 2920 qui
1906 2875 1955 2921 μὴ

402 2933 449 2979 τῷ
477 2932 589 2978 ὁμοίῳ
616 2943 786 2965 sensuum
814 2932 1063 2977 cognitionem
1090 2933 1240 2969 faciant.
1293 2933 1345 2968 Cf.
1368 2933 1567 2969 Dielesium
1598 2936 1685 2970 nox.
1713 2946 1796 2980 pag.
1819 2938 1897 2970 105.
