2125 3439
805 211 1093 251 —81-

171 318 397 372 στρυφνὸν
434 315 506 359 καὶ
543 318 770 371 πλαδαρὸν
812 316 882 358 καὶ
921 318 1030 358 ἄλλα
1068 317 1224 371 μυρία,
1266 317 1473 365 παντοίας
1517 314 1730 369 δυνάμιας

170 389 325 443 ἔχοντα
355 390 526 442 πλῆθός
551 403 594 429 τε
627 386 699 429 καὶ
727 388 865 442 ἰσχύν.
916 394 1049 429 ταῦτα
1079 385 1160 442 μὲν
1186 385 1449 441 μεμειγμένα
1481 385 1551 427 καὶ
1579 401 1729 440 κεκρη-

169 459 278 513 μένα
310 458 567 512 ἀλλήλοισιν
600 458 699 500 οὔτε
732 458 902 511 φανερά
929 457 1046 499 ἐστιν
1080 459 1179 499 οὔτε
1208 461 1337 499 λυπεῖ
1366 459 1443 499 τὸν
1469 458 1728 510 ἄνθρωπον·

168 529 274 570 ὅταν
312 527 364 570 δέ
397 545 438 570 τι
476 529 642 570 τούτων
684 527 905 581 ἀποκριθῇ
952 527 1022 568 καὶ
1063 529 1168 569 αὐτὸ
1215 526 1282 582 ἐφ’
1327 526 1494 570 ἑωυτοῦ
1539 527 1730 582 γένηται,

168 602 263 642 τότε
296 597 366 640 καὶ
393 600 589 652 φανερόν
617 597 705 640 ἐστι
738 596 808 639 καὶ
837 601 963 639 λυπεῖ
989 599 1064 638 τὸν
1091 599 1343 650 ἄνθρωπον.
1395 599 1512 653 Ergo
1542 598 1729 640 medicos

168 669 285 711 vides
307 669 488 710 Platone
511 667 812 723 vetustiores¹)
834 668 952 709 illam
973 668 1213 710 doctrinam
1238 669 1406 709 referre.
1445 668 1563 710 Idem
1585 672 1728 710 tamen

168 740 299 781 etiam
321 738 365 780 in
385 739 552 794 priores
574 742 771 780 auctores
793 738 978 794 digitum
1000 739 1198 792 intendit,
1219 754 1314 780 cum
1336 739 1439 780 dicit
1460 737 1575 794 (pag.
1596 739 1659 793 15,
1681 741 1730 780 12

171 808 388 865 Kiihlew.)
427 810 477 851 de
510 809 570 851 eis
610 824 718 864 quos
757 809 882 850 initio
922 808 1134 851 enuntiati
1175 809 1493 864 significaverat
1525 807 1731 864 (ἑώρων);

169 883 314 930 καλῶς
351 878 422 922 καὶ
461 883 654 937 λογισμῷ
693 882 959 934 προσήκοντι
999 882 1255 934 ζητήσαντες
1291 881 1401 933 πρὸς
1432 880 1509 933 τὴν
1548 886 1626 921 τοῦ
1658 880 1731 921 ἀν-

167 952 355 1005 θρώπου
381 952 519 1006 φύσιν
545 947 678 1005 εὗρον
704 951 812 992 αὐτὰ
845 952 897 992 οί
923 959 1115 1005 πρῶτοι
1148 951 1393 1005 εὑρόντες
1421 949 1491 992 καὶ
1519 949 1732 1007 ᾠήθησαν

169 1021 295 1076 ἀξίην
334 1023 414 1077 τὴν
452 1021 609 1078 τέχνην
646 1026 737 1078 θεῷ
775 1026 1051 1076 προσθεῖναι.
1113 1022 1231 1064 Inter
1263 1023 1342 1064 hos
1374 1022 1590 1076 principes
1629 1023 1729 1077 quin

168 1093 474 1135 Alcmaeonem
508 1093 723 1148 habuerit,
756 1093 826 1134 vix
859 1096 925 1134 est
959 1093 1071 1148 quod
1104 1093 1285 1134 dubites.

285 1164 346 1206 At
368 1164 650 1219 Gomperzius
677 1163 724 1219 (l.
744 1165 771 1205 l.
794 1178 890 1220 pag.
912 1165 1028 1219 241),
1056 1179 1151 1206 cum
1180 1168 1331 1206 auctor
1358 1165 1408 1206 de
1434 1165 1577 1219 prisca
1604 1165 1731 1206 medi-

168 1235 264 1277 cina
297 1235 436 1277 solum
470 1235 654 1276 calidum
694 1236 757 1276 vel
792 1235 995 1290 frigidum
1029 1235 1147 1276 nulla
1179 1235 1264 1276 alia
1297 1235 1506 1289 qualitate
1541 1236 1731 1277 admixta
1761 1243 1764 1246 ’

166 1306 333 1348 homini
367 1306 599 1360 quidquam
633 1306 784 1347 obesse
817 1306 883 1347 vel
917 1305 1119 1360 prodesse
1153 1321 1278 1360 posse
1313 1311 1452 1361 neget,
1486 1307 1730 1362 impugnari

165 1377 311 1432 potius
344 1378 398 1418 ab
426 1391 475 1418 eo
502 1377 810 1418 Alcmaeonem
837 1377 1071 1418 existimat.
1123 1375 1205 1418 Sed
1232 1381 1280 1418 ut
1308 1378 1506 1419 omittam
1539 1393 1591 1419 ne
1618 1378 1731 1419 hunc

165 1448 336 1503 quidem
369 1463 394 1490 a
425 1448 564 1490 calido
597 1447 841 1502 frigidoque
875 1462 1047 1489 omnem
1079 1448 1123 1488 in
1157 1463 1334 1502 corpore
1371 1449 1453 1489 vim
1487 1449 1731 1490 abiudicare

167 1520 283 1575 (pag.
311 1519 376 1573 18,
397 1520 421 1561 8
450 1519 663 1560 Kiihlew.:
690 1519 941 1574 ψυχρότητα
969 1517 1008 1560 δ’
1041 1518 1125 1571 ἐγὼ
1152 1517 1223 1560 καὶ
1250 1520 1499 1573 θερμότητα
1526 1518 1731 1560 πασέων

165 1590 351 1644 ἥκιστα
383 1597 471 1632 τῶν
505 1591 734 1644 δυναμίων
765 1592 927 1644 νομίζω
963 1590 1249 1631 δυναστεύειν
1283 1589 1330 1631 ἐν
1363 1596 1420 1645 τῷ
1454 1590 1637 1644 σώματι-ς
1679 1590 1731 1631 cf.

169 1662 234 1715 18,
261 1662 310 1702 12
327 1661 452 1716 sqq.),
479 1661 550 1702 sed
579 1676 707 1715 quam
730 1660 915 1702 maxime
944 1675 1037 1701 cam
1058 1661 1362 1702 circumcidere
1393 1660 1497 1701 velle
1519 1661 1729 1702 adductus

165 1731 310 1774 studio
343 1732 559 1774 refutandi
593 1746 665 1773 eos
699 1732 771 1786 qui
806 1732 945 1773 solas
980 1746 1049 1773 eas
1082 1732 1325 1785 posuerint:
1359 1746 1459 1772 num
1496 1746 1655 1785 quaeso
1689 1732 1730 1772 in

166 1802 471 1844 Alcmaeonem
506 1803 654 1844 cadere
688 1802 769 1843 tibi
800 1803 1011 1855 videntur,
1045 1817 1152 1856 quae
1180 1802 1252 1844 ille
1280 1802 1329 1843 de
1357 1803 1613 1844 adversariis
1642 1803 1731 1844 suis

166 1876 314 1914 narrat
346 1871 399 1929 (c.
431 1875 446 1914 1
485 1887 581 1928 pag.
615 1875 653 1927 1,
680 1875 706 1914 2
740 1871 967 1929 Kuhlew.),
1000 1888 1107 1927 quos
1141 1873 1358 1914 ὑπόθεσιν
1391 1872 1551 1922 αὐτοὺς
1583 1873 1732 1923 αὐτοῖς

165 1943 471 1998 ὑποθεμένους
508 1950 566 2001 τῷ
601 1946 716 2001 λόγῳ
748 1946 918 1999 θερμὸν
958 1943 1048 2000 ijo)
1087 1945 1257 1999 ψυχρὸν
1297 1943 1320 1997 ἢ
1360 1943 1498 1998 ὑγρὸν
1538 1944 1561 1998 ἢ
1599 1944 1732 1998 ξηρὸν

166 2015 191 2069 ἢ
225 2016 332 2057 ἄλλο
364 2031 404 2056 τι
444 2015 466 2056 ὃ
505 2015 559 2056 ἂν
597 2014 763 2057 θέλωσι
803 2016 887 2056 iam
929 2016 1009 2057 hoc
1048 2016 1187 2070 ipsum
1229 2015 1342 2069 quod
1381 2019 1617 2069 posuerunt
1652 2017 1732 2069 τὴν

166 2085 305 2140 ἀρχὴν
343 2092 418 2140 τῆς
455 2088 594 2141 αἰτίης
632 2093 744 2128 τοῖσι
784 2085 1061 2139 ἀνθρώποισι
1103 2087 1279 2128 νούσων
1316 2101 1361 2126 τε
1406 2084 1477 2127 καὶ
1515 2086 1731 2139 θανάτου,

165 2157 249 2199 καὶ
292 2164 417 2200 πᾶσι
461 2158 552 2212 τὴν
597 2158 780 2211 αὐτήν,
823 2158 877 2199 ἓν
922 2157 946 2211 ἢ
993 2158 1086 2199 δύο
1128 2156 1493 2211 ὑποθεμένους
1535 2158 1730 2199 docuisse

165 2229 301 2270 dicit?
364 2229 502 2270 Immo
543 2229 586 2270 in
624 2229 846 2270 Philolaos
880 2233 1009 2283 atque
1043 2228 1267 2283 Hipponos
1306 2226 1378 2283 (cf.
1410 2242 1507 2283 pag.
1542 2229 1597 2269 93
1619 2227 1733 2284 sqq.)

165 2299 396 2355 invehitur,
429 2301 520 2355 ipse
548 2300 822 2342 Alcmaeonis
854 2300 1093 2341 doctrinam
1127 2299 1278 2341 leviter
1305 2302 1517 2340 mutatam
1547 2303 1730 2341 secutus.

285 2382 367 2425 Sed
400 2384 531 2425 latius
571 2399 637 2425 res
676 2387 805 2438 patet.
869 2382 982 2425 Nam
1016 2398 1065 2425 ea
1104 2382 1197 2437 ipsa
1243 2397 1350 2437 quae
1391 2398 1520 2436 supra
1553 2384 1727 2437 exposui

166 2453 351 2508 faciunt,
389 2457 436 2495 ut
474 2454 778 2508 deliberemus,
822 2458 965 2496 utrum
1005 2454 1095 2495 iure
1137 2454 1441 2495 Alcmaeonem
1487 2469 1539 2494 an
1585 2454 1730 2508 potius

167 2524 365 2579 ignotum
393 2525 604 2579 quendam
634 2525 846 2566 medicum
873 2526 1154 2566 vetustiorem
1184 2540 1205 2565 e
1231 2539 1410 2566 numero
1437 2531 1524 2565 τῶν
1545 2524 1730 2576 πρώτων

168 2596 414 2649 ζητούντων
439 2596 548 2649 πρὸς
574 2596 652 2648 τὴν
675 2602 752 2637 τοῦ
774 2595 1015 2648 ἀνθρώπου
1039 2597 1175 2650 φύσιν
1196 2597 1323 2638 liuius
1345 2595 1564 2637 doctrinae
1587 2599 1729 2636 aucto-

166 2682 254 2708 rem
289 2682 380 2708 esse
414 2669 626 2720 putemus.
681 2665 793 2707 Nam
829 2670 875 2707 ut
909 2667 1184 2720 scripsisse
1218 2667 1382 2720 primus
1416 2666 1629 2720 putandus
1663 2670 1729 2708 est

167 2752 264 2779 cum
296 2736 346 2777 de
380 2737 533 2778 ceteris
568 2737 694 2777 rcbus
729 2736 904 2778 medicis
938 2736 1009 2791 (cf.
1037 2750 1132 2791 pag.
1160 2735 1235 2792 zm)
1270 2739 1360 2777 tum
1395 2737 1445 2778 dc
1480 2737 1728 2778 morborum

288 2892 321 2933 1)
350 2889 504 2923 Videtur
536 2888 593 2923 hic
627 2890 757 2923 auctor
791 2888 885 2923 int··1·
919 2889 1145 2933 antiquiores
1178 2888 1410 2923 collectionis
1444 2888 1729 2934 Hippocraticao

167 2949 328 2984 medicos
357 2948 602 2983 numerandus
629 2958 717 2983 esse.

236 3014 449 3046 KVachtlor,
469 3014 505 3039 (le
527 3014 707 3039 Alcmaemw
730 3014 914 3039 Crotoniatn.
1425 3011 1444 3041 ὓ
