2125 3439
771 210 1063 251 „...79—

140 317 409 358 simillimum
443 332 535 358 esse
569 317 640 358 ille
673 320 800 370 putat
828 316 1040 357 Problem.
1068 315 1088 356 I
1115 315 1140 356 2
1168 328 1264 370 pag.
1293 314 1377 355 859
1412 329 1435 355 a
1462 316 1509 356 4:
1542 315 1630 356 Διὰ
1662 317 1709 355 τί

137 387 212 436 τὰς
248 389 409 437 νόσους
445 387 672 440 ὑγιάζουσι
709 386 935 435 πολλάκις;
985 384 1132 438 ...32
1171 385 1238 426 ὅτι
1276 384 1452 426 ἐναντιά
1499 384 1705 438 ἀλλήλοις

138 458 188 499 τὰ
220 459 300 512 τὴν
330 459 466 500 νόσον
497 463 723 499 ποιοῦντα.
784 455 850 512 (Sl)
883 457 972 497 Διὰ
1010 459 1054 497 τί
1088 457 1136 497 αι’
1173 463 1261 497 τῶν
1299 455 1426 508 ὡρῶν
1466 453 1702 510 μεταβολαὶ

136 527 209 569 καὶ
240 529 464 583 πνεύματα
496 527 789 569 ἐπιτείνουσιν
821 526 846 580 32
879 527 1070 568 παύουσι
1102 525 1173 568 καὶ
1206 529 1407 580 κρίνουσι
1440 527 1514 575 τὰς
1544 528 1704 575 νόσους

137 598 209 640 καὶ
235 605 434 648 ποιοῦσι;
469 598 496 652 32
523 598 588 639 ὅτι
614 596 778 651 θερμαὶ
810 596 882 638 καὶ
909 600 1078 652 ψυχραί
1102 599 1183 638 εἰσι
1211 596 1281 638 καὶ
1308 596 1439 651 ὑγραὶ
1466 595 1537 638 καὶ
1564 597 1704 650 ξηραί,

136 670 186 712 αἱ
213 668 262 711 δὲ
293 671 419 712 νόσοι
450 670 619 711 τούτων
661 667 774 710 εἰσὶν
813 668 1072 723 ὑπερβολαί,
1110 668 1135 721 ἡ
1170 666 1215 709 δὲ
1250 668 1375 721 ὑγεία
1408 670 1565 722 ι’σότης.
1628 667 1704 709 ἐὰν

137 737 220 782 οὗν
258 738 316 781 δι’
363 740 580 795 ὑγρότητα
624 737 696 781 καὶ
739 738 894 793 ψῦξιν,
936 738 962 792 ἡ
1006 738 1182 780 ἐναντία
1221 739 1311 792 ὥρα
1348 739 1495 780 παύει·
1539 737 1615 779 ἐὰν
1655 735 1702 779 δὲ

138 810 315 852 ἐναντία
348 811 439 865 ὥρα
472 812 640 866 ἔχηται,
678 810 703 863 ἡ
737 810 864 864 ὁμοία
897 815 1049 863 κρᾶσις
1081 807 1366 863 ἐπιγενομένη
1409 807 1595 850 ἐπέτεινε
1632 807 1703 849 καὶ

137 881 322 924 ἀνεῖλεν.
385 881 517 923 Vides
555 881 616 923 nil
655 881 726 923 hic
758 880 942 923 inveniri
981 880 1094 935 quod
1133 880 1185 921 ad
1217 879 1524 921 Alcmaeonem
1563 894 1701 920 recur-

139 952 247 994 risse
273 952 559 994 Aristotelem
591 952 756 1008 prodat.
815 951 955 993 Immo
988 951 1031 992 in
1060 954 1267 1005 quattuor
1293 951 1516 992 elementis
1549 950 1703 991 doctri—

137 1038 237 1065 nam
265 1038 388 1065 suam
413 1024 496 1065 niti
522 1024 613 1078 ipse
639 1023 785 1079 prodit
811 1023 861 1064 de
881 1026 992 1078 part.
1014 1023 1141 1064 anim.
1164 1022 1248 1064 640
1270 1037 1294 1063 a
1317 1023 1370 1063 12
1398 1022 1494 1064 coll.
1518 1021 1602 1063 648
1623 1021 1648 1061 b
1664 1021 1703 1061 4.

142 1119 195 1123 —
224 1093 316 1136 Nec
342 1094 485 1136 verius
514 1093 826 1136 Stallbaumius
857 1094 909 1135 ad
939 1108 989 1135 ea
1021 1108 1128 1148 quae
1155 1093 1281 1135 Plato
1309 1094 1433 1135 docet
1458 1093 1566 1134 Tim.
1589 1093 1643 1133 82
1666 1092 1702 1133 A

142 1164 410 1206 simillimam
449 1180 541 1207 esse
573 1165 849 1207 Alcmaeonis
888 1164 1128 1207 doctrinam
1168 1167 1360 1206 annotat.
1420 1163 1518 1218 Ipse
1558 1163 1702 1204 videas

141 1250 248 1290 quae
280 1235 448 1290 profert
480 1235 621 1277 Plato:
659 1237 707 1277 τὸ
748 1233 795 1277 δὲ
834 1243 921 1277 τῶν
953 1237 1100 1277 νόσων
1139 1236 1247 1278 ὅθεν
1286 1235 1535 1286 ξυνίσταται
1568 1235 1704 1288 δῆλόν

136 1320 223 1348 που
253 1305 326 1348 καὶ
357 1309 500 1348 παντί.
549 1306 768 1360 τεττάρων
800 1307 882 1360 γὰρ
917 1308 1058 1348 ὄντων
1091 1314 1247 1360 γενῶν,
1282 1305 1324 1356 ἐξ
1357 1302 1419 1347 ὧν
1449 1303 1702 1360 συμπέπηγε

135 1378 184 1420 τὸ
217 1384 359 1432 σῶμα,
397 1383 476 1432 γῆς
512 1378 650 1431 πυρὸς
686 1377 847 1426 ὕδατός
877 1392 921 1418 τε
959 1375 1031 1418 καὶ
1070 1376 1279 1432 ἀε’ρος[ῑ],
1316 1377 1484 1419 τούτων
1522 1376 1548 1430 ἡ
1587 1376 1702 1430 παρὰ

136 1448 274 1503 φύσιν
318 1448 547 1499 πλεονεξία
591 1446 663 1490 καὶ
707 1449 854 1490 ἔνδεια
897 1446 969 1489 καὶ
1008 1455 1082 1502 τῆς
1122 1449 1263 1503 χώρας
1301 1446 1617 1502 μετάστασιςῌ]
1660 1446 1702 1496 ἐξ

137 1520 299 1568 οἰκείας
331 1517 395 1560 ἐπ’
427 1518 663 1573 ἀλλοτρίαν
696 1517 951 1573 γιγνομένη,
983 1520 1121 1572 πυρός
1150 1533 1193 1559 τε
1226 1514 1281 1559 αὖ
1315 1516 1386 1559 καὶ
1413 1526 1500 1560 τῶν
1527 1516 1703 1571 ἑτέρων,

138 1589 286 1644 ἐπειδὴ
319 1588 424 1645 γένη
456 1592 638 1632 πλείονα
671 1587 768 1639 ἑνὸς
799 1590 905 1631 ὄντα
937 1589 1157 1645 τυγχάνει,
1189 1590 1236 1631 τὸ
1263 1591 1321 1643 μὴ
1347 1596 1572 1644 προσῆκον
1606 1588 1701 1630 ἕκα-

137 1673 243 1704 στον
282 1659 423 1718 ἑαυτῷ
463 1660 884 1716 προσλαμβάνεινῌ]
922 1659 993 1702 καὶ
1032 1657 1167 1703 πάνθ’
1204 1660 1284 1702 ὅσα
1322 1667 1501 1702 τοιαῦτα
1534 1659 1704 1709 στάσεις

135 1731 208 1774 καὶ
238 1734 402 1782 νόσους
433 1731 623 1788 παρέχει.

254 1803 391 1846 Porro
429 1803 706 1846 Alcmaeonis
751 1818 772 1845 e
817 1803 929 1845 libro
976 1803 1204 1846 Platonem
1250 1818 1358 1858 quae
1400 1803 1444 1844 in
1486 1801 1702 1858 Symposii

138 1889 236 1931 pag.
266 1875 348 1917 186
365 1873 445 1917 CD
471 1874 812 1929 Eryximachum
845 1875 1059 1916 medicum
1086 1875 1333 1930 loquentem
1360 1874 1476 1928 facit,
1507 1874 1702 1916 hausisse

138 1946 330 1988 Zellerus
363 1946 532 1989 conicit.
582 1945 730 1988 Verba
756 1949 857 1987 sunt
882 1946 1006 1988 haec:
1048 1980 1204 1988 ......
1223 1948 1312 1988 ἔστι
1340 1947 1422 2000 γὰρ
1450 1946 1619 1999 ἰατρικὴ
1646 1945 1703 1994 ὡς

137 2017 185 2060 ἐν
216 2019 439 2074 κεφαλαίῳ
471 2018 610 2059 εἰπεῖν
644 2016 853 2071 ἐπιστήμη
886 2024 974 2059 τῶν
1006 2024 1085 2060 τοῦ
1113 2019 1309 2072 σώματος
1342 2017 1562 2072 ἐρωτικῶν
1593 2017 1701 2070 πρὸς

135 2090 395 2144 πλησμονὴν
432 2087 504 2130 καὶ
543 2087 751 2141 κένωσιν,
789 2087 861 2130 καὶ
900 2087 922 2130 ὁ
962 2089 1294 2143 διαγιγνώσκων
1333 2087 1380 2130 ἐν
1420 2088 1591 2137 τούτοις
1625 2088 1702 2129 τὸν

137 2162 273 2203 καλόν
303 2175 348 2202 τε
379 2158 452 2201 καὶ
484 2161 665 2215 αἰσχρὸν
699 2161 858 2214 ἔρωτα,
897 2157 1026 2210 οὗτός
1058 2159 1176 2202 ἐστιν
1211 2160 1233 2202 ὁ
1267 2160 1593 2215 ἰατρικώτατος,
1631 2157 1702 2199 καὶ

137 2232 160 2274 ὁ
190 2231 478 2286 μεταβάλλειν
508 2238 663 2285 ποιῶν,
696 2231 805 2273 ὥστε
838 2229 935 2273 ἀντὶ
967 2237 1046 2273 τοῦ
1073 2230 1223 2285 ἐτέρου
1257 2233 1418 2285 ἔρωτος
1449 2232 1526 2272 τὸν
1553 2229 1702 2283 ἕτερον
1728 2264 1730 2267 .

136 2306 347 2356 κτᾶσθαι,
383 2300 456 2343 καὶ
488 2296 554 2351 οἷς
585 2302 643 2356 μὴ
676 2303 846 2343 ἑνεστιν
878 2304 1006 2356 ἔρως,
1046 2303 1116 2344 δεῖ
1146 2299 1183 2344 δ’
1219 2301 1498 2357 ἐγγενέσθαι,
1531 2300 1702 2342 ἐπιστά-

138 2387 269 2427 μενος
295 2372 544 2427 ἐμποιῆσαι,
569 2371 642 2414 καὶ
669 2372 824 2415 ἐνόντα
851 2373 1026 2426 ἐξελεῖν,
1053 2373 1222 2427 ἀγαθὸς
1247 2373 1302 2415 ἂν
1328 2377 1394 2427 εἴη
1421 2373 1702 2426 δημιουργός.

139 2445 210 2486 δεῖ
238 2444 320 2498 γὰρ
354 2443 408 2497 δὴ
441 2444 491 2484 τὰ
524 2444 706 2498 ἔχθιστα
739 2445 844 2485 ὄντα
883 2443 930 2486 ἐν
962 2452 1020 2500 τῷ
1055 2446 1220 2499 σώματι
1251 2447 1359 2499 φίλα
1392 2438 1488 2486 οἷόν
1520 2441 1554 2484 τ’
1588 2439 1702 2484 εἶναι

138 2522 281 2557 ποιεῖν
325 2513 396 2556 καὶ
435 2513 540 2568 ἐρᾶν
583 2513 798 2568 ἀλλήλων.
861 2516 951 2557 ἔστι
990 2513 1037 2557 δε
1076 2518 1257 2571 ἔχθιστα
1300 2516 1351 2556 τὰ
1397 2514 1701 2564 ἐναντιώτατα,

138 2586 311 2641 ψυχρὸν
342 2590 509 2642 θερμῷ,
541 2586 699 2637 πικρὸν
732 2588 898 2640 γλυκεῖ,
929 2586 1063 2640 ξηρὸν
1089 2587 1227 2644 ὑγρῷ,
1258 2587 1398 2628 πάντα
1427 2586 1478 2627 τὰ
1505 2591 1700 2627 τοιαῦτα·

139 2657 311 2707 τούτοις
349 2654 388 2698 δ’
427 2654 676 2710 ἐπιστηθεὶς
721 2658 859 2709 ἔρωτα
903 2655 1134 2711 ἐμποιῆσαι
1179 2656 1249 2699 καὶ
1288 2658 1500 2712 ὁμόνοιαν
1539 2656 1562 2699 ὁ
1600 2655 1701 2711 ἡμέ-

139 2743 263 2783 τερος
280 2730 499 2782 πρόγονος
516 2726 770 2780 Ἀσκληπιὸς
786 2761 911 2769 .....
933 2728 1012 2782 τὴν
1035 2728 1248 2783 ἡμετέραν
1274 2727 1512 2782 συνέστησε
1533 2727 1700 2783 τέχνην.

141 2798 285 2854 Atque
311 2798 588 2841 Thierschius
619 2798 790 2852 quidem
823 2797 1067 2854 (Specimen
1095 2800 1296 2842 editionis
1323 2798 1531 2855 symposii
1558 2798 1701 2840 Plato-

140 2871 225 2913 nici
252 2884 346 2926 pag.
373 2872 424 2912 12
440 2885 500 2925 sq.
522 2869 757 2926 Gottingae
778 2870 908 2927 1808)
929 2871 1087 2927 quique
1108 2887 1205 2914 eum
1225 2873 1464 2927 sequuntur
1487 2869 1531 2911 in
1552 2869 1700 2911 editio-

140 2942 268 2984 nibus
296 2940 385 2984 suis
413 2940 695 2997 Rueckertus,
727 2939 1052 2999 Stallbaumius,
1085 2943 1256 3000 Hugius
1288 2943 1443 2985 horum
1470 2941 1700 2983 verborum
