2125 3439
747 261 800 264 ,-
864 235 1037 276 53—

88 349 176 390 ’τις
215 338 398 396 ἐπιτάμῃ
435 341 588 394 ἄγονοι
627 344 853 395 γίγνονται
894 342 939 383 οῖ
974 340 1303 396 ἐπιτμηθέντες;
1344 355 1391 382 ac
1431 342 1536 383 mire
1577 356 1672 383 con-

112 411 304 453 sentiunt
350 426 456 466 quae
495 412 698 467 leguntur
742 412 785 452 iu
821 412 969 453 libello
1009 412 1081 466 qui
1120 413 1370 454 inscribitur
1409 412 1671 467 Hermippus

112 482 162 523 de
195 481 434 536 astrologia
464 496 560 536 pag.
592 483 657 536 19,
688 482 735 523 17
771 482 862 523 edd.
888 481 1228 524 Viereck-Kroll.

229 564 331 606 Fuit
363 564 499 618 igitur
531 578 626 604 cum
657 563 756 604 huic
785 578 903 604 meae
931 564 1202 606 coniecturae
1236 566 1492 619 plaudereni.
1550 566 1608 606 At
1635 567 1671 607 si

109 650 255 677 semen
291 634 489 675 omnibus
529 634 578 675 de
618 634 812 688 corporis
844 635 1041 688 partibus
1081 636 1264 676 defluere
1304 652 1399 677 cum
1434 636 1670 678 Censorino

110 708 323 760 putamus,
355 704 567 759 liquorem
595 719 688 746 esse
716 705 906 747 dicamus
940 707 1112 759 oportet
1145 720 1166 746 e
1195 721 1333 760 carne,
1368 707 1565 748 medullis
1592 711 1671 748 etc.

111 778 342 830 secretum3
388 776 455 817 sin
493 775 715 818 Plutarchi
762 776 982 830 sequimur
1027 775 1290 831 opinionem,
1335 792 1422 818 non
1459 778 1671 832 liquorem

109 861 131 888 e
164 846 338 888 cerebro
370 847 626 889 defluentem
637 881 647 901 ,
686 847 759 888 sed
792 845 927 901 ipsius
961 846 1124 888 cerebri
1157 850 1325 901 partem
1365 846 1669 902 intelligemus.

108 917 261 972 Itaque
294 917 338 959 in
369 933 501 959 unum
535 917 738 960 confundi
770 918 932 972 placita
963 917 1037 959 illa
1071 916 1345 973 nequeunt.¹)

229 1000 309 1043 Sed
343 1001 431 1042 utri
464 1001 568 1042 fides
599 1000 825 1042 habenda?
888 1000 1138 1055 Tanneryus
1170 999 1268 1056 (1.1.
1300 1015 1397 1056 pag.
1427 1002 1533 1057 217)
1568 1001 1671 1044 Cen-

108 1071 241 1113 sorini
275 1087 299 1113 a
330 1072 527 1126 partibus
561 1075 662 1126 stat,
695 1072 768 1114 sed
800 1072 844 1112 in
877 1087 925 1113 eo
960 1075 1130 1113 tantum
1162 1072 1331 1126 nititur,
1368 1073 1481 1126 quod
1514 1090 1535 1113 e
1570 1088 1670 1115 voce

106 1142 371 1197 ἡγεμονικόν
398 1143 519 1184 illam
546 1143 597 1184 de
624 1143 798 1185 cerebro
826 1143 994 1184 animae
1021 1143 1118 1184 sede
1146 1143 1394 1197 opinionem
1418 1143 1669 1186 Alcmaeoni

106 1228 191 1255 non
237 1228 330 1255 esse
375 1214 649 1255 tribuendam
694 1214 777 1255 sibi
823 1214 1052 1268 persuasit.
1116 1215 1176 1255 At
1221 1214 1315 1255 vide
1361 1215 1419 1256 sis
1465 1230 1572 1269 quae
1619 1217 1669 1257 ad

107 1284 260 1340 fragm.
288 1283 396 1325 VIII
430 1285 633 1326 annotavi
666 1283 782 1340 (pag.
810 1283 899 1340 50).
962 1285 1058 1340 Ego
1092 1285 1311 1326 contraria
1344 1285 1412 1326 via
1450 1286 1670 1341 ingressus

108 1355 162 1396 ob
195 1355 334 1410 ipsam
369 1356 533 1397 cerebri
567 1355 830 1397 mentionem
864 1356 991 1397 Ae'tio
1024 1355 1212 1410 palmam
1246 1356 1434 1398 tribuere
1468 1358 1592 1399 malo.

720 1505 896 1549 Fragm.
929 1504 1056 1540 XIII.

225 1591 430 1634 Censor.
469 1593 507 1635 d.
545 1593 581 1635 d.
620 1596 717 1634 nat.
757 1594 802 1648 5,
828 1594 873 1634 4:
913 1593 1025 1634 Illud
1066 1608 1235 1648 quoque
1275 1594 1524 1649 ambiguam
1563 1595 1668 1637 facit

106 1663 219 1705 inter
271 1667 470 1706 auctores
523 1665 787 1719 opinionem,
837 1668 1037 1706 utrumne
1087 1679 1138 1705 ex
1182 1665 1318 1719 patris
1369 1667 1669 1708 tantummodo

105 1735 265 1777 semine
291 1738 442 1790 partus
463 1738 676 1789 nascatur,
704 1739 752 1777 ut
772 1735 989 1790 Diogenes
1017 1738 1060 1776 et
1080 1735 1258 1790 Hippon
1285 1734 1504 1790 Stoicique
1532 1738 1670 1792 scrip-

99 1809 264 1860 serunt,
308 1822 361 1848 an
395 1807 528 1848 etiam
561 1822 611 1848 ex
645 1807 814 1856 matris,
864 1807 977 1861 quod
1007 1806 1292 1862 Anaxagorae
1330 1810 1373 1848 et
1409 1808 1661 1849 Alcmaeoni

103 1892 179 1919 nec
211 1892 297 1919 non
330 1877 577 1919 Parmenidi
609 1878 949 1933 Empedoclique
983 1881 1026 1919 et
1058 1878 1247 1932 Epicuro
1284 1878 1420 1920 visum
1456 1882 1532 1919 est.

724 2039 898 2083 Fragm.
930 2039 1049 2074 XIV.

222 2125 425 2169 Censor.
453 2128 491 2168 d.
517 2127 555 2168 d.
580 2130 679 2169 nat.
707 2128 744 2182 6,
772 2129 816 2169 4:
850 2127 916 2169 Ex
944 2143 1027 2182 quo
1061 2133 1237 2182 parente
1271 2128 1447 2169 seminis
1481 2129 1666 2183 amplius

102 2198 198 2253 fuit,
230 2198 320 2240 eius
354 2213 503 2240 sexum
537 2199 850 2253 repraesentari
883 2199 991 2240 dixit
1023 2197 1238 2240 Alcmaeo.
1276 2224 1324 2228 —

220 2269 472 2325 Tanneryus
524 2270 569 2326 (l.
602 2271 626 2311 l.
666 2284 761 2326 pag.
796 2269 902 2326 215)
951 2270 1062 2312 hanc
1109 2271 1354 2325 opinionem
1401 2270 1665 2312 simillimam
1706 2264 1710 2269 ’

103 2356 195 2383 esse
234 2341 339 2383 dicit
377 2341 684 2384 Parmenideae
725 2343 870 2384 eadem
917 2342 967 2383 de
1005 2357 1049 2383 re
1095 2342 1345 2383 sententiae.
1412 2341 1493 2383 Sed
1539 2357 1666 2396 quam

105 2412 175 2453 ille
202 2412 529 2454 Parmenideam
555 2427 647 2454 esse
674 2415 811 2467 putat,
844 2412 1163 2454 Democriteam
1191 2427 1283 2454 esse
1312 2412 1503 2454 ostendit
1529 2412 1667 2454 Diele-

103 2484 191 2525 sius
225 2481 438 2540 (Doxogr.
468 2482 582 2538 191).
644 2483 707 2525 Ac
739 2498 791 2525 ne
825 2483 1062 2525 Democriti
1104 2484 1276 2538 quidem
1315 2483 1524 2538 placitum
1561 2485 1666 2525 satis

106 2569 341 2610 congruere
375 2555 499 2596 docet
532 2554 793 2595 Aristoteles
833 2555 869 2595 d.
909 2569 1002 2610 gen.
1037 2570 1101 2595 an.
1135 2553 1195 2595 IV
1229 2557 1269 2609 1,
1297 2555 1381 2595 764
1414 2570 1439 2595 a
1477 2554 1528 2596 10
1566 2554 1666 2596 ὁπο-

102 2624 230 2680 τέρου
275 2624 330 2666 ἂν
371 2626 563 2680 κρατήσῃ
605 2627 652 2666 τὸ
692 2624 860 2679 σπέρμα
908 2626 962 2666 τὸ
1006 2625 1100 2666 ἀπὸ
1149 2632 1239 2667 τοῦ
1281 2627 1468 2679 μορίου
1512 2625 1670 2667 ἐλθὸν

101 2692 135 2753 ᾧ
179 2695 467 2750 διαφέρουσιν
506 2695 708 2749 ἀλλήλων
748 2697 796 2737 τὸ
835 2699 954 2749 θῆλυ
992 2695 1063 2737 καὶ
1103 2698 1150 2737 τὸ
1189 2697 1322 2751 ἄρρεν
1367 2694 1478 2751 (eius
1518 2712 1666 2738 sexum

102 2765 448 2821 repraesentari).

225 2921 258 2965 1)
285 2919 466 2954 Similiter
487 2922 586 2954 errat
604 2919 766 2955 Galenus
787 2920 851 2965 qui
873 2919 1136 2965 Hippocratem
1159 2921 1287 2955 eadem
1308 2920 1353 2955 de
1374 2921 1513 2956 semine
1534 2923 1665 2957 docere

104 2979 184 3015 vult
198 2980 308 3022 atque
326 2978 518 3014 Platonem
534 2977 778 3025 (Daremberg
792 2981 822 3014 Ie
835 2981 1084 3015 commentaire
1097 2981 1139 3014 de
1153 2980 1285 3014 Gulie‘n
1297 2991 1361 3015 sur
1375 2981 1404 3015 le
1421 2980 1534 3016 Time'e
1548 2994 1582 3026 p.
1593 2985 1664 3027 45).
