2125 3439
800 244 1091 285 ρη-

163 365 272 406 quae
299 351 390 406 ipse
417 351 467 393 de
494 355 626 408 gustu
651 351 818 408 profert
844 353 990 406 aperte
1016 350 1210 392 hauserit
1237 348 1364 406 (Dox.
1385 350 1469 392 407
1498 364 1521 391 a
1551 350 1616 391 12.
1638 349 1724 404 15),

162 423 251 464 veri
277 422 548 464 simillimum
574 423 744 465 videtur
777 422 984 477 spongiae
1017 435 1186 476 quoque
1213 421 1446 477 imaginem
1473 421 1575 475 (407
1605 436 1630 462 a
1651 421 1724 474 20)

163 507 213 535 ex
240 493 500 535 Alcmaeone
533 494 833 548 depromptam
865 506 969 546 esse,
1004 506 1130 546 quem
1163 492 1309 534 eadem
1342 492 1385 533 in
1418 491 1538 533 foetu
1571 491 1725 534 descri-

162 564 299 606 bendo
332 578 459 606 usum
491 577 583 605 esse
614 563 696 606 hoo
728 563 973 618 fragmento
1007 565 1274 617 compertum
1306 562 1526 604 habemus.

274 633 433 676 Facere
471 634 608 690 igitur
645 648 732 676 non
769 647 947 688 possum
987 632 1089 687 quin
1123 632 1284 674 Rufum
1325 648 1488 675 errasse
1528 633 1723 675 iudicem.

162 706 244 756 Qui
270 706 380 748 unde
407 721 485 748 sua
509 705 704 747 hauserit
732 704 768 746 si
797 703 981 759 quaeris,
1009 703 1208 745 attendas
1236 703 1363 745 velim
1393 719 1520 759 quam
1548 720 1722 747 causam

158 777 286 819 huius
332 776 548 832 opinionis
593 776 755 818 afferat,
829 774 943 817 Nam
987 789 1084 817 cum
1127 774 1257 816 ceteri
1303 775 1375 830 qui
1420 775 1723 830 cotyledonum

158 848 400 891 doctrinam
426 847 618 904 professi
646 850 759 903 sunt,
792 846 904 902 quod
937 846 1084 899 sciam,
1115 859 1263 887 omnes
1290 845 1536 901 (Epicurus,
1567 846 1723 889 Demo-

158 919 309 961 critus:
342 918 449 960 Dox.
476 919 562 960 426
593 933 617 960 a
646 918 717 973 163
758 916 922 972 Hippo,
962 916 1178 973 Diogenes
1212 916 1372 972 Apoll.:
1411 915 1584 959 Censor.
1618 919 1662 972 6,
1697 920 1722 960 3

158 990 208 1033 cf.
245 989 553 1045 Aristophanis
592 990 636 1031 in
674 987 926 1031 Aristotelis
965 988 1016 1030 de
1055 988 1225 1030 animal.
1265 988 1483 1043 epitomen
1520 1009 1574 1022 =
1613 988 1722 1032 Dox.

159 1062 255 1116 191,
284 1060 327 1118 1)
359 1061 404 1103 in
436 1075 485 1102 eo
519 1064 691 1102 tantum
722 1059 805 1102 niti
837 1060 1018 1116 soleant,
1051 1060 1164 1115 quod
1197 1059 1339 1101 infans
1373 1060 1513 1102 editus
1547 1075 1597 1102 ex
1623 1061 1720 1103 alvo

157 1133 310 1175 matris
355 1132 489 1174 ubera
527 1147 598 1174 ore
644 1131 961 1187 apprehendere
1005 1145 1092 1172 non
1131 1134 1376 1185 cunctetur,
1421 1131 1616 1173 conferas
1662 1133 1720 1174 sis

157 1219 264 1259 quae
303 1203 468 1258 profert
507 1202 797 1258 Hippocrates
837 1218 874 1257 q.
907 1217 945 1244 v.
985 1202 1034 1244 de
1074 1202 1253 1257 princip.
1281 1204 1324 1244 6:
1363 1203 1404 1244 εἰ
1441 1202 1494 1245 δέ
1520 1219 1584 1254 τις
1616 1203 1721 1259 ἐρω-

154 1276 252 1329 τοίη
289 1282 381 1325 πῶς
417 1279 546 1316 τοῦτο
592 1270 688 1316 οἶδε’
722 1289 807 1327 τις,
852 1273 917 1315 ὅτι
958 1272 1004 1315 ἐν
1043 1279 1092 1328 τῇ
1132 1272 1262 1328 μητρὶ
1305 1274 1352 1315 τὸ
1391 1275 1569 1317 παιδίον
1608 1274 1721 1317 ἕλκει

154 1345 265 1403 (scil.
299 1347 380 1401 τὴν
416 1342 606 1400 τροφήν)
644 1342 716 1386 καὶ
753 1344 890 1398 μύζει,
928 1344 1029 1386 τάδε
1068 1344 1184 1401 αὐτῷ
1224 1346 1342 1387 ἔστιν
1381 1345 1721 1400 ἀποκρίνασθαι·

155 1418 322 1471 κόπρον
353 1418 454 1473 ε”χον
487 1415 535 1458 ἐν
567 1423 709 1458 τοῖσιν
742 1414 956 1470 ἐντέροισι
989 1417 1169 1469 γίνεται,
1200 1414 1271 1457 καὶ
1298 1415 1512 1458 ἀποπατεῑ
1541 1417 1720 1460 ἐπειδὰν

152 1486 328 1543 γένηται
359 1487 552 1544 τάχιστα,
583 1485 655 1529 καὶ
688 1487 734 1529 οἱ
762 1487 995 1541 ἄνθρωποι
1026 1485 1098 1528 καὶ
1131 1487 1182 1528 τὰ
1214 1489 1430 1542 πρόβατα·
1463 1490 1604 1531 καίτοι
1638 1489 1718 1532 οὐκ

151 1558 207 1601 ἂν
238 1555 324 1614 εἶχε
357 1560 543 1614 κόπρον,
584 1559 625 1600 εἰ
655 1559 712 1613 μὴ
746 1556 793 1600 ἐν
824 1563 922 1613 τῇσι
953 1560 1169 1613 μήτρῃσιν
1202 1559 1377 1612 ἕμυζεν,
1417 1558 1509 1601 οὐδ’
1550 1559 1604 1602 ἂν
1636 1565 1718 1616 θη-

151 1630 294 1682 λάζειν
326 1631 403 1672 τὸν
434 1630 611 1685 μασθὸν
644 1630 850 1684 ἠπίστατο
884 1630 1164 1684 γεννώμενον
1197 1630 1371 1683 αὐτίκα,
1404 1632 1444 1672 εἰ
1474 1631 1532 1685 μὴ
1564 1630 1634 1673 καὶ
1669 1631 1716 1674 ἐν

149 1707 201 1757 τῇ
233 1703 373 1758 μήτρῃ
406 1702 544 1756 ἔμυζε.

781 1802 956 1846 Fragm.
990 1802 1087 1838 XX.

268 1890 398 1934 Plut.
424 1890 559 1946 Epit.
581 1890 620 1932 V
643 1891 754 1946 24,1
784 1889 910 1946 (Dox.
932 1890 1019 1932 435
1046 1905 1071 1932 a
1101 1889 1174 1948 11)
1202 1906 1256 1933 ex
1276 1891 1448 1934 Aetio:
1470 1890 1716 1949 Ἀλκμαίων

149 1962 424 2018 ἀναχωρήσει
450 1969 528 2004 τοῦ
555 1963 734 2017 αἵματος
759 1963 822 2012 εἰς
847 1962 921 2024 τᾲς
946 1962 1187 2017 αἱμόρρους
1213 1962 1378 2017 φλέβας
1404 1963 1546 2006 ὕπνον
1572 1967 1716 2020 γίγνε-

149 2036 262 2076 σθαί
296 2045 427 2089 φησι,
464 2034 544 2088 τὴν
585 2031 624 2075 δ’
662 2031 881 2087 ἐξέγερσιν
918 2032 1144 2087 διάχυσιν,
1181 2034 1260 2087 τὴν
1298 2031 1346 2076 δὲ
1383 2039 1573 2090 παντελῆ
1613 2036 1716 2079 ἀνα-

151 2105 344 2160 χώρησιν
376 2105 585 2147 θάνατον.
620 2129 674 2134 -

314 2183 580 2232 αἷμόρρους]
619 2184 777 2230 ὁμόρους
815 2184 919 2227 libri3
960 2183 1208 2231 αι”,ιιορρούσας
1241 2185 1402 2223 Galenus
1434 2188 1520 2224 hist.
1548 2189 1637 2235 phil.
1674 2194 1718 2225 37

197 2245 300 2288 (Dox.
329 2249 407 2290 646,
432 2247 506 2290 12);
533 2256 624 2281 corr.
655 2244 833 2280 Reiskius.

267 2317 391 2360 Hanc
423 2317 698 2360 Alcmaeonis
732 2318 974 2361 doctrinam
1013 2319 1253 2374 profectam
1291 2336 1385 2363 esse
1425 2325 1531 2376 puto
1570 2337 1594 2363 a
1626 2322 1716 2364 vul-

152 2390 245 2446 gari
257 2388 290 2446 1)
317 2389 392 2431 illa
418 2390 530 2430 inter
557 2390 757 2444 antiquos
791 2390 1004 2445 opinione,
1038 2405 1236 2433 somnum
1264 2391 1357 2434 fieri
1390 2407 1466 2447 per
1492 2392 1717 2449 refrigera-

153 2461 336 2515 tionem,
374 2475 502 2515 quam
539 2460 679 2515 ipsam
713 2462 973 2503 sententiam
1012 2476 1108 2504 cum
1140 2477 1162 2504 e
1195 2463 1349 2505 mortis
1389 2464 1529 2506 somni
1567 2465 1715 2507 fratris

153 2531 437 2574 similitudine
469 2534 564 2572 tum
596 2531 692 2573 inde
727 2534 867 2574 ortam
900 2547 992 2575 esse
1026 2534 1215 2575 arbitror
1249 2535 1361 2589 quod
1393 2535 1590 2578 homines
1623 2537 1716 2579 dor-

153 2603 334 2645 mientes
372 2602 535 2658 frigore
573 2601 698 2644 facile
735 2604 940 2658 temptari
980 2604 1430 2662 animadverterant.‘·')
1493 2607 1584 2648 Iam
1617 2623 1714 2650 cum

278 2757 311 2800 1)
337 2755 476 2791 Eadem
498 2755 683 2800 profertur
702 2755 749 2790 ab
764 2755 1000 2800 Empedocle‚
1022 2757 1239 2792 Parmenide
1253 2757 1419 2803 (Tertull.
1441 2758 1486 2794 de
1507 2761 1630 2795 anima
1644 2764 1715 2803 43³,

153 2815 363 2850 Democrito
385 2814 519 2858 <Zeller
539 2813 572 2848 1⁶
592 2817 685 2859 905),
715 2814 1022 2860 Ps.-Hippocrate
1042 2816 1087 2850 de
1108 2816 1181 2851 flat.
1202 2819 1248 2861 (V.
1264 2817 1315 2862 i.),
1337 2817 1524 2864 Ps.-Hipp.
1542 2818 1646 2864 Epid.
1664 2819 1711 2854 VI

152 2884 198 2918 (v.
216 2873 267 2918 i.),
291 2872 500 2916 Aristotele,
522 2873 693 2909 Stratone
715 2873 886 2918 (Tertull.
907 2873 929 2908 1.
948 2875 996 2918 1.),
1017 2874 1158 2910 Galeno
1173 2875 1290 2921 (XVII
1305 2876 1343 2911 B.
1362 2881 1438 2912 173.
1454 2881 1522 2912 298
1537 2877 1606 2921 K),
1622 2879 1718 2915 aliis.

269 2934 306 2978 2)
332 2933 454 2968 Schol.
476 2933 727 2979 Pe.-Hippocr.
751 2933 857 2978 Epid.
879 2933 928 2968 IV
951 2938 984 2978 4,
1007 2939 1048 2969 12
1076 2935 1122 2979 (11
1147 2939 1210 2970 117
1239 2934 1375 2981 Dietz):
1403 2933 1442 2970 οἴ
1465 2937 1722 2979 καθεύδοντες

151 2991 432 3040 περιβλημάτων
447 2991 608 3036 δέονται,
629 2993 676 3034 ὡς
691 2990 902 3039 ἐψυγμένης
916 2999 979 3039 τῆς
993 2991 1228 3040 ἐπιφανείας,
1249 2993 1288 3030 οἷ
1298 2994 1334 3030 δ’
1352 2993 1640 3041 ἐγρηγοροῦντες
1660 2998 1715 3033 οὔ.
