2125 3439
804 211 1061 250 -7-

153 332 249 358 cum
295 317 512 358 similibus
557 317 813 370 quibusdam
859 317 1133 370 opinionibus
1180 315 1417 371 propositis
1463 316 1710 358 dubitamus

153 391 247 429 uter
288 388 340 429 ab
379 391 477 428 utro
516 386 721 428 didicerit.
786 386 941 428 Nonne
980 391 1220 441 temporum
1259 386 1498 441 iudiciis‘ffli
1559 387 1710 441 Itaque

153 458 315 513 aliquid
339 450 629 500 excusandum
657 460 750 497 erat
770 456 1011 499 Aristoteli.
1039 473 1112 498 cur
1139 457 1206 499 his
1234 472 1317 499 non
1346 471 1446 498 usus
1475 458 1547 507 sit3
1576 472 1711 512 neque

154 529 297 570 officio
330 542 407 569 suo
438 526 510 568 ille
543 527 679 580 deest3
713 526 832 567 addit
859 528 990 569 enim:
1022 526 1093 568 καὶ
1126 529 1207 581 γὰρ
1236 526 1405 581 ἐγένετο
1433 529 1512 582 τὴν
1543 528 1712 581 ἡλικίαν

151 598 390 652 Ἀλκμαίων
416 596 485 638 ἐπὶ
513 596 687 651 γέροντι
715 599 979 652 Πυθαγόρᾳ,
1006 598 1066 638 ita
1094 603 1141 638 ut
1169 613 1299 652 prope
1328 600 1526 652 aequales
1554 599 1713 640 fuerint

152 672 281 723 atque
319 671 471 710 neuter
508 668 627 722 prior
664 672 817 709 neuter
855 668 1070 722 posterior
1108 669 1322 722 putandus
1363 670 1430 710 sit.
1496 670 1560 710 Ad
1600 670 1712 711 vitae

151 739 287 794 igitur
328 741 493 780 aetates
539 753 635 780 cum
682 738 825 780 reduci
870 742 1055 793 nequeat
1101 739 1315 794 quaestio,
1358 739 1572 793 integram
1619 755 1712 781 eam

151 810 391 865 relinquere
437 808 656 864 mavult.‘²)
719 809 871 864 Itaque
917 824 1002 851 non
1048 813 1208 851 temere
1259 810 1363 851 haec
1412 810 1556 851 addita
1602 814 1715 864 suut,

151 881 283 922 immo
323 881 374 922 ad
409 881 667 922 sententiam
707 880 1049 935 perspiciendem
1088 881 1327 922 necessaria
1367 884 1409 922 et
1447 881 1634 936 genuina
1667 897 1716 922 ea

151 966 243 993 esse
283 951 599 993 concedendum
639 955 716 994 est.
780 951 893 992 Nam
931 951 1122 1006 Gruppei
1161 951 1306 1006 opinio
1346 950 1613 1007 (Fraymente
1649 953 1716 993 cles

152 1022 357 1076 Archytas
388 1036 486 1078 pag.
515 1021 589 1078 54)
629 1023 700 1076 qui
735 1022 868 1063 nimia
908 1023 949 1063 in
984 1037 1032 1063 ea
1065 1036 1171 1076 quae
1206 1022 1367 1064 tradita
1400 1026 1501 1063 sunt
1540 1023 1717 1065 audacia

152 1108 199 1134 ac
245 1093 422 1135 libidine
474 1093 602 1135 scribi
653 1093 774 1135 iubet
819 1094 952 1148 ὅνπερ
997 1095 1161 1147 τρόπον
1205 1092 1276 1134 καὶ
1318 1092 1557 1147 Ἀλκμαίων
1604 1096 1714 1135 ἔοικε

151 1164 408 1218 ὑπολαβεῖν·
442 1163 550 1218 φησὶ
578 1165 659 1218 γὰρ
686 1168 774 1206 κτλ..
808 1163 878 1220 (cf.
907 1179 1003 1220 pag.
1031 1165 1056 1206 6
1084 1168 1228 1206 annot.
1263 1163 1302 1220 1)
1330 1165 1484 1206 ceteris
1517 1165 1715 1206 omnibus

152 1235 324 1289 deletis,
363 1248 447 1276 non
488 1239 586 1290 eget
625 1236 905 1290 refutatione3
950 1250 1086 1290 neque
1126 1236 1239 1276 enim
1279 1236 1479 1291 cuiquam
1516 1236 1586 1277 ille
1626 1251 1716 1291 per-

151 1306 299 1348 suasit.

272 1377 505 1426 Quaeritur
537 1379 683 1418 tamen
715 1391 819 1418 num
851 1377 955 1418 fides
989 1377 1186 1418 habenda
1220 1378 1277 1419 sit
1308 1378 1551 1432 Aristoteli,
1589 1394 1716 1432 quem

150 1448 264 1490 haud
297 1462 382 1490 uno
415 1447 510 1490 loco
544 1448 587 1489 in
620 1448 746 1490 rebus
774 1448 995 1490 historicis
1030 1463 1194 1490 errasse
1223 1449 1453 1491 videamus.
1506 1448 1588 1490 Sed
1616 1464 1716 1490 con-

152 1518 386 1561 sideremus
426 1521 598 1573 oportet
645 1518 698 1560 ad
735 1518 1036 1574 philosophiae
1076 1520 1221 1560 studia
1264 1520 1375 1561 hanc
1418 1520 1716 1574 quaestionem

153 1591 380 1645 pertinere,
414 1590 570 1644 quibus
605 1592 704 1631 ante
739 1604 886 1631 omnes
920 1590 994 1631 ille
1027 1590 1193 1644 floruit3
1227 1593 1449 1645 praeterea
1481 1592 1530 1632 de
1558 1591 1716 1646 Pytha-

151 1662 294 1718 goreis
329 1661 459 1703 verba
490 1661 560 1703 hic
592 1660 704 1716 fieri,
743 1661 792 1702 de
833 1661 988 1716 quibus
1030 1676 1158 1715 quam
1191 1664 1313 1703 caute
1353 1662 1425 1704 ille
1462 1662 1717 1704 iudicaverit

150 1747 277 1775 nemo
322 1732 471 1775 nescit.
533 1731 728 1786 Denique
774 1733 823 1773 de
866 1732 1126 1774 Alcmaeone
1173 1733 1346 1787 dicitur,
1392 1732 1460 1774 cui
1503 1733 1716 1787 imprimis

154 1819 329 1859 operam
361 1803 485 1845 illum
517 1817 697 1844 navasse
730 1803 855 1844 docet
887 1802 1007 1857 liber,
1045 1818 1172 1857 quem
1203 1805 1312 1857 πρὸς
1342 1804 1394 1845 τὰ
1423 1802 1718 1858 Ἀλκμαίωνος

153 1875 396 1930 composuit
436 1874 640 1928 cuiusque
680 1876 822 1915 exstat
861 1872 1069 1915 memoria
1107 1874 1220 1928 apud
1253 1874 1395 1915 Laert.
1430 1874 1554 1930 Diog.
1583 1875 1623 1916 V
1650 1876 1717 1918 95.

156 1948 298 2001 Atque
325 1946 435 1987 hanc
453 1945 704 1986 Aristotelis
726 1944 1021 1986 definitionem
1044 1959 1095 1985 ex
1116 1944 1251 1999 ipsius
1270 1944 1546 1987 Alcmaeonis
1568 1945 1716 1987 libello

153 2020 370 2072 sumptam
392 2031 485 2058 esse
506 2015 873 2071 locupletissimus
896 2015 1020 2056 testis
1042 2015 1133 2070 ipse
1156 2017 1334 2058 offertur
1355 2015 1574 2068 Alcmaeo,
1596 2017 1716 2058 cuius

156 2089 288 2130 verba
320 2102 370 2129 ex
401 2087 528 2129 initio
563 2087 663 2129 libri
696 2088 952 2142 deprompta
985 2090 1114 2141 atque
1148 2102 1172 2128 a
1198 2087 1372 2129 Laertio
1405 2091 1576 2129 servata
1600 2087 1718 2129 Ἀλκ-

153 2161 294 2213 μαίων
327 2160 637 2213 Κροτωνιήτης
668 2158 770 2200 τάδε
805 2158 941 2211 ἔλεξε,
976 2161 1198 2213 Πειρίθου
1230 2159 1346 2211 υἱός,
1387 2162 1614 2217 Βροντίνῳ
1647 2158 1717 2201 καὶ

153 2230 314 2272 Λέοντι
346 2228 416 2271 καὶ
448 2230 669 2287 Βαθύλλῳ
709 2229 901 2271 amicitia
940 2244 1037 2271 eum
1076 2229 1272 2271 iunctum
1310 2230 1454 2273 fuisse
1485 2231 1718 2273 ostendunt

154 2316 251 2344 cum
283 2298 560 2356 Brontinoss),
601 2315 727 2355 quem
768 2315 853 2342 non
893 2301 1034 2342 solum
1073 2300 1186 2342 inter
1217 2301 1382 2356 primos
1416 2301 1716 2357 Pythagoreos

274 2479 308 2520 1)
336 2476 558 2521 Temporum
591 2476 753 2512 rationes
786 2477 931 2521 saepius
970 2476 1074 2512 velut
1105 2476 1142 2511 in
1177 2479 1391 2511 transcursu
1425 2476 1560 2521 pressis
1599 2477 1718 2513 verbis

158 2535 378 2570 Aristoteles
405 2533 567 2579 stringit,
596 2539 635 2570 ut
655 2535 743 2570 Met.
765 2538 795 2570 A
811 2540 842 2578 3,
870 2538 938 2570 984
964 2547 986 2570 a
1010 2540 1067 2570 11:
1092 2534 1345 2581 Ἐμπεδοκλῆς
1370 2536 1415 2570 τὰ
1442 2535 1598 2581 τέτταρα
1624 2537 1716 2581 (scil.

156 2599 318 2640 στοιχεῖα
351 2592 467 2638 ἀρχὰς
500 2592 980 2639 ἐτι’θέι),...Ἆναξ-,αγόρας
1011 2593 1051 2630 δὲ
1085 2594 1104 2629 ὁ
1138 2593 1386 2640 Κλαζομένιος
1417 2600 1459 2640 τῇ
1493 2594 1559 2640 μὲν
1597 2596 1717 2644 ἡλικίᾳ

158 2653 333 2700 πρότερος
353 2651 404 2688 ὢν
424 2652 568 2697 τούτου,
594 2657 671 2693 τοῖς
696 2651 732 2688 δ’
758 2652 878 2698 ἔργοις
903 2652 1052 2698 ὕστερος
1073 2654 1249 2698 ἀπείρους
1270 2652 1372 2689 εἷναί
1389 2666 1478 2699 φησι
1505 2654 1570 2695 τὰς
1589 2655 1716 2700 ἀρχάς.

275 2718 312 2758 2)
340 2716 441 2756 Quae
463 2714 628 2748 extrema
647 2713 734 2757 dixi,
762 2712 835 2747 iam
858 2712 1054 2748 Krischeus
1076 2713 1353 2758 (Forschunyen
1373 2725 1439 2748 :ur
1459 2715 1556 2750 alten
1580 2715 1716 2750 l’hilos.

161 2777 169 2809 Ι
195 2776 253 2819 68)
273 2773 404 2808 leviter
425 2772 610 2819 significat
630 2773 703 2807 his:
725 2772 962 2815 „Aristoteles
981 2773 1113 2808 schiebt
1127 2774 1184 2808 die
1199 2773 1321 2808 Worte
1339 2784 1405 2808 zur
1419 2773 1718 2820 Rechtfertiyuny

155 2835 271 2869 semer
303 2832 656 2869 Umentschiedenlzeit
680 2833 776 2867 ein“.

278 2895 312 2935 3>
340 2891 398 2927 vel
418 2890 542 2936 potius
562 2890 716 2926 Brotino
742 2892 800 2936 (cf.
825 2892 1026 2927 Usenerum
1053 2892 1098 2926 ad
1121 2890 1267 2936 syriani
1287 2894 1482 2927 comment.
1505 2891 1543 2925 in
1564 2892 1716 2928 Aristot.

158 2951 324 2997 Metaph.
346 2953 413 2985 926
441 2962 463 2985 a
489 2953 534 2995 2).
588 2950 639 2985 Cf.
668 2960 762 2995 quae
789 2950 834 2986 de
862 2961 904 2986 eo
931 2949 1090 2986 contulit
1115 2949 1222 2985 Unna
1248 2949 1271 2986 l.
1291 2949 1314 2986 1.
1342 2962 1425 2996 pag.
1447 2954 1503 2986 43.
