2125 3439
1043 213 1338 253 -48-

419 325 583 365 tunicas
607 325 750 364 autem
771 320 974 362 discimus
1001 317 1091 358 illic
1113 317 1273 358 multas
1284 314 1330 372 ¹),
1355 316 1426 357 hic
1447 320 1535 356 tres
1557 315 1680 357 oculo
1700 315 1970 370 praepositas

419 408 520 446 esse,
553 406 688 445 neque
715 388 966 444 Empedocli
995 387 1266 428 Alcmaeonis
1297 386 1365 428 his
1392 386 1437 427 in
1462 386 1590 428 rebus
1617 385 1824 428 sectatori
1849 385 1973 441 igno-

419 467 510 504 tum
543 463 624 503 hoc
655 461 788 502 fuisse
822 459 946 500 docet
977 457 1168 499 eiusdem
1199 472 1237 499 v.
1264 457 1349 499 323
1378 455 1439 498 St.

533 543 624 584 Iam
657 541 966 595 Philippsonus
1000 538 1091 595 (1.1.
1118 553 1214 594 pag.
1245 537 1348 596 187)
1380 539 1452 581 ‘de
1484 539 1601 581 visu'
1633 539 1775 594 inquit
1806 538 1976 580 ‘eadem

419 615 564 655 docuit
597 627 703 667 quae
736 610 1016 665 Aristoteles3
1047 624 1233 664 namque
1264 610 1359 652 fieri
1390 624 1466 664 per
1498 609 1793 665 diaphanum'.
1851 608 1975 651 Simi-

417 685 514 725 liter
543 683 755 724 sanderus
784 681 978 736 quamvis
1005 681 1256 722 dubitanter
1282 680 1324 722 in
1346 681 1713 735 comparationem
1734 683 1861 723 vocat
1879 680 1976 722 Arii

416 754 590 809 Didymi
623 753 702 808 frg.
733 754 784 793 17
820 750 946 807 (Dox.
972 752 1076 805 456,
1112 750 1203 807 13):
1236 749 1534 805 Ἀριστοτέλης
1571 751 1681 804 ὁρᾶν
1719 750 1832 805 ἡμᾶς
1867 751 1976 792 κατὰ

415 828 588 879 κίνησιν
623 830 701 865 τοῦ
733 821 825 864 κατ’
864 821 1088 876 ἐνέργειαν
1120 823 1374 876 διαφανοῦς.
1425 819 1637 876 διαφανὲς
1671 819 1719 863 δὲ
1751 820 1805 864 οὐ
1836 823 1973 875 μόνον

416 893 526 937 εἶναι
560 896 636 936 τὸν
668 893 786 947 ἀέρα,
819 892 928 934 ἀλλὰ
960 891 1031 934 καὶ
1062 894 1111 935 τὸ
1142 893 1264 947 ὕδωρ
1296 894 1372 934 καί
1393 908 1491 934 τινα
1522 899 1611 934 τῶν
1641 891 1976 946 συνισταμένων

416 965 574 1019 ποθέν,
620 959 715 1006 οἷον
752 964 891 1006 ὕαλον
935 962 1007 1004 καὶ
1050 963 1325 1015 κρύσταλλον
1367 965 1444 1004 καί
1477 978 1599 1012 τινας
1639 969 1727 1004 τῶν
1765 966 1976 1017 λαμπρῶν

417 1040 568 1078 λίθων.
637 1036 845 1076 Videntur
883 1034 1019 1090 igitur
1056 1034 1120 1075 illi
1153 1048 1278 1075 voces
1316 1039 1395 1075 τοῦ
1433 1034 1679 1088 διαφανοῦς
1717 1032 1978 1075 obiectivum

417 1123 455 1162 q.
490 1123 524 1148 v,
566 1107 803 1161 genitivum
841 1119 933 1146 esse
978 1105 1063 1146 rati
1104 1105 1167 1146 ita
1204 1104 1483 1159 interpretari
1523 1103 1699 1146 Stobaei
1737 1105 1885 1158 verba,
1930 1107 1979 1146 ut

420 1178 536 1219 visus
563 1179 640 1219 fiat
666 1179 763 1218 actu
789 1174 1005 1231 perspicui
1032 1176 1144 1230 quod
1172 1178 1318 1217 extra
1344 1175 1491 1218 oculos
1518 1178 1595 1217 est.
1646 1174 1979 1230 Philippsonum

417 1253 531 1291 certe
559 1249 608 1289 de
636 1262 746 1302 aqua
773 1246 964 1289 ocularia
990 1245 1059 1288 hic
1085 1260 1172 1287 non
1199 1246 1391 1301 cogitare
1419 1246 1544 1288 docet
1577 1261 1684 1301 quae
1713 1260 1839 1288 voces
1872 1260 1978 1301 quas

418 1320 542 1360 modo
582 1318 710 1360 attuli
750 1317 944 1372 sequitur
987 1317 1032 1358 in
1070 1317 1218 1358 libello
1264 1316 1355 1358 eius
1397 1317 1675 1359 sententiola:
1720 1317 1839 1360 ‘cum
1877 1317 1980 1360 Alc-

417 1405 591 1431 maeone
626 1389 843 1431 consentit
875 1387 1136 1430 Aristoteles
1168 1386 1382 1444 quoque²)
1415 1388 1562 1430 oculos
1595 1403 1671 1443 per
1703 1403 1862 1443 aquam
1894 1403 1980 1430 cer-

418 1460 541 1502 nere'
574 1463 616 1501 et
649 1475 774 1514 quem
808 1458 976 1501 confert
1001 1457 1255 1500 Aristotelis
1286 1458 1407 1500 locus
1440 1458 1476 1499 d.
1504 1473 1568 1500 an.
1598 1458 1638 1500 lI
1667 1459 1689 1499 7
1720 1473 1819 1515 pag.
1842 1459 1929 1501 418
1957 1474 1982 1501 a

417 1533 471 1573 29
488 1546 594 1586 sqq.:
634 1532 681 1572 τὸ
720 1530 801 1585 γὰρ
835 1528 996 1584 ὁρατὸν
1029 1530 1119 1570 ἔστι
1151 1536 1302 1584 χρῶμα
1325 1562 1451 1570 .....
1477 1535 1565 1571 πᾶν
1598 1527 1646 1571 δὲ
1678 1537 1830 1585 χρῶμα
1861 1546 1980 1585 κινη-

416 1604 538 1643 τικόν
577 1601 667 1643 ἐστι
709 1606 787 1642 τοῦ
829 1599 922 1642 κατ’
957 1598 1182 1654 ἐνέργειαν
1220 1589 1464 1654 διαφανοῦς
1487 1634 1494 1641 ,
1516 1634 1523 1641 .
1545 1633 1553 1641 .
1575 1633 1584 1642 .
1609 1601 1763 1656 διόπερ
1803 1607 1890 1643 πᾶν
1932 1602 1980 1644 τὸ

419 1671 602 1713 ἑκάστου
635 1678 785 1727 χρῶμα
824 1670 872 1712 ἐν
904 1669 1017 1726 φωτὶ
1051 1671 1267 1725 ὁρατόν..
1289 1704 1297 1712 .
1320 1705 1326 1711 .
1346 1672 1437 1712 ἔστι
1470 1671 1523 1725 δή
1556 1687 1596 1713 τι
1630 1671 1841 1727 διαφανές
1871 1670 1981 1729 (scil.

417 1744 465 1785 τὸ
504 1741 672 1799 φῶς).3)
736 1742 826 1784 Νοο
859 1743 908 1783 de
943 1740 1122 1784 Sanderi
1154 1742 1370 1784 sententia
1407 1741 1597 1784 dubitari
1629 1745 1775 1798 potest
1812 1743 1981 1786 collatis

423 1815 482 1855 eis
517 1829 623 1868 quae
656 1816 895 1869 sequuntur
927 1813 1021 1854 Arii
1053 1813 1196 1855 verbis
1227 1813 1329 1854 ibid.
1361 1813 1460 1868 456,
1489 1813 1560 1856 16:
1593 1813 1772 1856 ἀκούειν
1804 1811 1854 1856 δὲ
1884 1812 1976 1856 κατ’

421 1884 644 1938 ἐνέργειαν
670 1890 750 1926 τοῦ
776 1884 964 1939 μεταξὺ
998 1885 1196 1940 διηχοῦς;
1232 1885 1303 1927 18:
1336 1884 1662 1939 ὀσφραίνεσθαι
1688 1892 1768 1928 τοῦ
1793 1885 1982 1940 μεταξὺ

421 1956 616 2010 σώματος
642 1954 1034 2010 ἀναπιμπλαμένου
1060 1963 1150 1997 τῶν
1177 1955 1461 2010 ὀσφραντῶν;
1489 1955 1540 1998 cf.
1561 1956 1662 1998 ibid.
1685 1971 1751 1998 vv.
1773 1957 1830 1999 20
1851 1959 1894 1998 et
1914 1957 1982 1999 21.

422 2050 470 2056 —
508 2026 668 2075 Quodsi
707 2029 821 2069 recte
854 2026 1187 2081 Philippsonum
1221 2025 1544 2081 Sanderumque
1582 2027 1805 2083 intelligo,
1840 2027 1981 2070 facere

422 2112 507 2138 non
539 2112 730 2151 possum,
771 2097 874 2152 quin
912 2097 1057 2152 lapsos
1095 2112 1168 2139 eos
1208 2112 1299 2139 esse
1339 2098 1490 2140 dicam.
1553 2097 1704 2153 Neque
1744 2098 1859 2140 enim
1890 2099 1980 2140 veri

419 2167 587 2209 videtur
620 2168 778 2222 simile,
817 2182 966 2210 vocem
1005 2167 1215 2223 διαφανές
1253 2168 1368 2209 aliud
1401 2183 1553 2210 sonare
1586 2169 1699 2223 apud
1733 2168 1982 2224 Stobaeum‚

420 2238 535 2279 aliud
566 2239 675 2293 apud
702 2239 1048 2294 Theophrastum
1076 2241 1296 2280 auctorem
1326 2239 1429 2293 eius,
1461 2239 1535 2293 qui
1568 2239 1659 2281 sine
1687 2239 1817 2282 dubio
1845 2240 1982 2296 ipsius

420 2309 531 2351 oculi
557 2309 779 2351 humorem
804 2308 871 2365 (τὸ
897 2308 1019 2365 πέριξ
1047 2309 1188 2365 ὕδωρ)
1216 2324 1266 2351 ea
1293 2310 1536 2365 significare
1562 2310 1675 2366 vult3
1704 2325 1842 2367 neque
1869 2312 1982 2354 enim

541 2464 571 2503 1)
600 2461 651 2496 Cf.
674 2462 707 2496 h.
729 2461 813 2497 diss.
834 2473 918 2507 pag.
940 2466 984 2497 49
1011 2464 1086 2497 not.
1110 2465 1141 2498 1.

537 2529 572 2570 2)
599 2526 759 2561 Volebat
784 2527 921 2562 dicere:
951 2527 1161 2562 ‘consentit
1184 2527 1294 2562 Arist.
1322 2527 1393 2562 hac
1419 2539 1565 2573 quoque
1592 2529 1637 2563 de
1662 2529 1721 2564 re’
1750 2530 1820 2565 etc.

538 2593 571 2633 3)
600 2592 693 2626 Nam
728 2602 854 2626 vocem
892 2591 1078 2637 διαφανές
1116 2592 1160 2627 de
1193 2592 1270 2628 solo
1306 2603 1389 2628 aere
1428 2592 1500 2638 (vel
1539 2604 1636 2638 aqua
1667 2594 1754 2638 etc.)
1790 2595 1976 2630 externo

422 2650 703 2693 intelligendum
731 2662 808 2685 esse
835 2652 872 2685 et
898 2662 1016 2695 aquae
1044 2651 1160 2686 oeulis
1187 2652 1352 2688 inclusae
1378 2651 1593 2687 memoriam
1626 2651 1737 2697 plane
1763 2652 1821 2687 hic
1847 2652 1976 2688 abesse

422 2709 501 2752 ipsc
524 2709 743 2743 Aristoteles
770 2710 1062 2745 luculentissime
1089 2711 1213 2756 prodit
1239 2711 1296 2746 his
1321 2715 1403 2756 (419
1425 2722 1448 2745 a
1469 2713 1543 2755 11):
1570 2711 1592 2755 ἡ
1619 2708 1655 2745 δ’
1679 2707 1885 2756 ἐντελέχεια
1911 2717 1976 2746 τοῦ

422 2769 632 2810 διαφανοῦς
664 2773 742 2811 φῶς
775 2765 883 2802 ἐστίν.
935 2773 1086 2814 σημεῖον
1119 2768 1158 2804 δὲ
1185 2769 1318 2805 τούτου
1350 2769 1532 2815 φανερόν·
1567 2767 1633 2805 ἐὰν
1665 2769 1734 2815 γάρ
1766 2783 1821 2811 τις
1850 2772 1904 2816 θῇ
1936 2770 1977 2805 τὸ

422 2824 504 2868 ἕχον
538 2832 661 2869 χρῶμα
695 2823 752 2860 ἐπ’
786 2827 902 2871 αὐτὴν
934 2827 1001 2872 τὴν
1033 2827 1123 2871 ὄψιν
1156 2829 1222 2863 οὐκ
1249 2828 1399 2873 limmat·
1433 2829 1525 2864 ἀλλὰ
1556 2829 1596 2863 τὸ
1629 2827 1698 2874 μὲν
1728 2835 1856 2874 χρῶμα
1881 2832 1985 2864 κινεῖ

420 2884 458 2917 τὺ
493 2883 674 2927 διαφανὲς
713 2884 790 2919 οἷον
823 2887 885 2920 τὸν
918 2886 1022 2931 ἀέρα,
1055 2888 1126 2922 ὑπὸ
1141 2888 1273 2923 τούτου
1312 2887 1353 2923 δὲ
1389 2893 1566 2934 συνεχοῦς
1604 2886 1710 2928 ὄντος
1747 2891 1905 2923 κινεῖται
1936 2888 1976 2922 τὸ

423 2942 677 2987 αἰσθητήριον.
