2125 3439
121 344 288 386 aurium
318 358 488 399 quoqne
516 346 681 385 meatus
709 342 858 384 eodem
887 346 1106 397 porrectos
1141 344 1193 385 ad
1220 343 1442 386 cerebrum
1470 344 1682 399 pertinere

121 414 346 472 collegisse
379 415 559 456 videtur.

238 497 359 540 Unus
386 500 523 539 restat
548 496 774 551 scrupulus
807 495 858 537 de
885 496 1058 552 linguae
1085 512 1202 552 poro.
1254 498 1561 553 Philippsonus
1591 498 1635 554 (l.
1659 499 1682 540 l.

119 584 216 625 pag.
245 567 320 624 21)
355 582 402 609 os
436 566 654 622 intelligit.
705 565 845 607 Multo
880 569 1026 608 tamen
1053 568 1140 608 veri
1169 567 1353 610 similius
1381 569 1486 610 mihi
1514 569 1683 611 videtur

118 640 423 682 Alcmaeonem
443 638 610 680 nullum
637 637 707 679 hic
731 651 884 692 porum
912 637 1083 692 vidisse,
1109 638 1182 679 sed
1210 653 1316 693 quae
1345 640 1394 681 de
1416 641 1568 682 ceteris
1592 656 1681 682 sen-

116 711 235 752 sibus
255 710 490 764 invenerat‚
517 709 567 751 de
591 711 722 765 gustu
749 723 918 764 quoque
947 709 1296 764 praesumpsisse.
1336 710 1404 751 Ita
1432 711 1680 765 saepissime

114 797 200 824 non
238 796 403 835 verum,
442 781 515 822 sed
554 781 667 835 quod
706 780 760 821 ab
794 779 919 821 initio
953 782 1218 834 statuerunt,
1254 781 1464 835 probatur
1504 784 1679 824 medicis

115 853 305 908 antiquis
333 852 445 908 (Gal.
467 851 506 893 V
529 852 612 893 207
635 850 723 907 ΚΛ)
756 851 896 893 πολλὰ
929 851 1012 906 γὰρ
1047 851 1100 904 δὴ
1133 857 1312 893 τοιαῦτα
1344 850 1415 893 καὶ
1448 854 1564 907 παρὰ
1592 862 1681 903 τοῖς

115 925 279 979 ἰατροῖς
312 925 430 966 ἔστιν
462 922 609 978 εὑρεῖν
641 921 883 976 ἀνατομικὰ
914 924 1179 977 θεωρήματα
1218 927 1454 977 μοχθηρῶς
1492 939 1678 979 γεγραμ-

113 993 223 1050 μένα
255 996 311 1049 μὴ
345 992 662 1049 βουληθέντων
694 993 839 1035 αὐτῶν
871 993 1102 1048 ἀναμεῖναι
1139 994 1188 1034 τὸ
1220 995 1493 1048 φαινόμενον
1526 994 1572 1035 ἐκ
1604 1002 1679 1049 τῆς

113 1065 347 1121 ἀνατομῆς,
379 1062 472 1106 ἀλλ’
506 1064 548 1115 ἐξ
581 1064 848 1114 ἀκολουθίας
880 1062 960 1119 μέν
991 1079 1111 1113 τινος
1143 1063 1415 1106 ἐλπισάντων
1451 1065 1509 1116 ὡς
1543 1064 1678 1122 ἑωρα-

115 1139 267 1179 κότων.
331 1136 510 1179 Accedit
544 1136 657 1190 quod
689 1135 971 1189 Aristoteles,
1007 1150 1103 1177 cnm
1135 1135 1275 1178 facere
1309 1150 1401 1178 sese
1434 1151 1521 1179 non
1554 1153 1679 1192 posse

113 1207 396 1263 intelligeret,
435 1207 539 1262 quin
571 1206 726 1248 miram
759 1221 880 1248 suam
915 1207 964 1248 de
998 1207 1124 1248 corde
1158 1221 1359 1249 sensuum
1393 1207 1558 1263 origine
1592 1209 1679 1264 opi-

111 1278 285 1320 nionem
329 1278 374 1319 in
418 1277 499 1333 eis,
548 1291 655 1332 quae
700 1277 750 1318 de
796 1277 949 1331 oculis,
996 1278 1189 1331 auribus,
1235 1278 1409 1320 naribus
1454 1280 1679 1335 proferret,

113 1349 310 1405 quamvis
357 1349 511 1390 durum
557 1348 602 1389 in
647 1347 823 1389 modum
867 1348 1041 1402 placitis
1087 1348 1449 1392 Alcmaeonianis·
1487 1366 1679 1394 accomo-

111 1419 296 1477 ciarev),
336 1419 615 1462 Crotoniatae
648 1420 698 1461 (le
732 1422 887 1475 gustus
919 1420 1037 1474 poris
1072 1421 1332 1462 sententiam
1365 1422 1469 1463 adeo
1504 1423 1679 1478 sprevit,

111 1495 159 1534 ut
186 1507 308 1534 suam
335 1492 480 1547 potius
509 1491 749 1534 doctrinam
777 1506 798 1533 e
827 1494 981 1547 gustus
1009 1490 1174 1533 ratione
1204 1491 1394 1534 efficeret
1421 1491 1490 1549 (de
1519 1494 1675 1536 invent.

110 1579 144 1606 c.
178 1566 204 1607 3
243 1577 338 1619 pag.
372 1564 458 1605 469
493 1578 517 1604 a
554 1562 643 1618 12):
688 1563 769 1604 δύο
814 1563 1045 1616 αἰσθήσεις
1089 1570 1292 1618 φανερῶς
1330 1563 1525 1606 ἐνταῦθα
1566 1564 1675 1621 (scil.

110 1637 172 1686 εἰς
205 1635 284 1690 τὴν
316 1633 522 1691 καρδίαν)
557 1635 872 1684 συντεινούσας
904 1634 1089 1689 ὁρῶμεν,
1123 1635 1202 1687 τήν
1232 1650 1277 1676 τε
1309 1642 1461 1688 γεῦσιν
1493 1635 1565 1678 καὶ
1597 1638 1676 1692 τὴν

109 1706 249 1762 ἁφήν,
289 1707 413 1748 ὥστε
454 1705 536 1748 καὶ
575 1706 662 1755 τὰς
699 1706 857 1755 ἄλλας
895 1704 1196 1760 ἀναγκαῖον.
1258 1706 1349 1749 Nec
1381 1722 1503 1749 secus
1536 1708 1675 1764 Plato,

109 1779 183 1833 qui
222 1780 336 1820 certe
382 1776 612 1833 aurium2),
659 1777 843 1819 fortasse
889 1777 1021 1818 etiam
1064 1777 1233 1818 narium
1276 1781 1404 1833 atque
1451 1780 1674 1822 oculorum

108 1856 237 1904 po'ros
276 1864 298 1890 e
338 1849 512 1891 cerebro
551 1849 735 1904 pendere
774 1848 972 1903 credidit,
1011 1848 1184 1904 linguae
1224 1849 1484 1892 canaliculas
1524 1852 1674 1893 statim

109 1919 178 1962 ἐπὶ
209 1921 291 1975 τὴν
322 1921 509 1975 καρδίαν
541 1918 774 1975 τεταμένας
807 1934 898 1961 esse
931 1919 1068 1962 docet.
1081 1918 1116 1976 3)

229 2003 375 2059 Longe
409 2003 535 2045 aliter
567 2002 875 2059 Philippsonus
916 2003 965 2045 de
998 2003 1115 2058 poris
1149 2003 1320 2046 iudicat.
1386 2004 1466 2053 Qui
1500 2020 1596 2047 cum
1631 2009 1673 2048 et

111 2075 416 2118 Alcmaeonem
444 2078 486 2117 et
507 2074 791 2116 Aristotelem
819 2075 1040 2116 oculorum
1066 2089 1221 2116 nervos
1249 2076 1446 2130 cognitos
1470 2077 1671 2120 habuisse

106 2149 246 2203 neget,
274 2146 402 2202 ‘apud
430 2145 752 2188 Alcmaeonem’
779 2146 920 2201 inquit
946 2145 1096 2201 (πόροι
1124 2147 1347 2188 oculorum
1376 2163 1426 2189 ex
1454 2148 1669 2190 meatibus

106 2219 353 2273 auditoriis,
391 2217 576 2260 olfactus
616 2220 659 2258 et
698 2219 852 2272 gustus
893 2215 950 2273 (h.
980 2232 1012 2258 e.
1047 2217 1138 2273 ore)
1178 2218 1439 2274 comparatis
1479 2220 1670 2262 evenisse
1703 2264 1706 2269 ,

106 2396 268 2429 mortuos
294 2394 551 2430 condientibus
577 2393 710 2439 σκολιῷ
736 2393 859 2437 inquit
885 2392 1023 2440 σιδήρῳ
1057 2393 1120 2427 διὰ
1147 2399 1218 2428 τῶν
1245 2393 1470 2439 μυξωτήρων
1498 2391 1670 2440 ἐξάγουσι

105 2453 169 2488 τὸν
190 2451 408 2498 ἐγκέφαλον.
449 2453 501 2487 Cf.
525 2452 701 2498 Hippocr.
722 2453 766 2487 dc
787 2452 902 2498 princ.
929 2456 967 2487 16
989 2452 1089 2496 (Vlll
1110 2457 1188 2496 604,
1211 2457 1230 2487 0
1254 2454 1307 2497 L.)
1327 2453 1503 2498 προσήκει
1527 2453 1544 2488 ὁ
1567 2451 1669 2500 ἐγκέ-

104 2516 223 2558 φαλος
248 2518 311 2557 τῆς
337 2510 438 2556 ῥινὸς
464 2509 501 2552 ἐς
526 2511 571 2546 τὰ
597 2514 714 2547 κοῖλα.

226 2574 260 2617 1)
283 2573 398 2608 Docet
412 2570 509 2606 enim
533 2571 568 2605 in
585 2582 696 2606 venas
717 2570 852 2606 circum
869 2572 1058 2607 cerebrum
1079 2571 1220 2617 positas
1235 2572 1317 2607 illas
1333 2571 1495 2617 quidem,
1517 2583 1536 2606 e
1558 2574 1667 2608 corde

104 2634 230 2666 tamen
249 2634 350 2666 ortas
371 2642 479 2676 poros
506 2630 600 2665 finiri
627 2630 687 2675 (de
708 2642 790 2675 gen.
811 2642 868 2665 an.
891 2630 921 2664 11
943 2635 963 2665 6
990 2642 1073 2676 pag.
1098 2635 1165 2666 744
1186 2643 1208 2666 a
1228 2634 1248 2665 4
1276 2631 1359 2667 coll.
1381 2643 1403 2667 a
1426 2635 1484 2675 103
1513 2632 1546 2667 d.
1569 2635 1662 2678 part.

103 2702 161 2727 an.
183 2690 215 2724 11
239 2694 280 2724 10
306 2702 390 2735 pag.
413 2694 481 2725 656
503 2690 525 2725 b
549 2691 614 2734 17).

222 2753 259 2794 2)
284 2750 455 2784 Timaeus
483 2762 516 2794 1».
538 2753 581 2784 67
598 2749 625 2782 B
652 2749 783 2794 φωνὴν
803 2752 932 2794 θῶμεν
952 2749 1019 2794 τὴν
1041 2748 1092 2785 δι’
1116 2750 1218 2785 ὤτων
1242 2747 1302 2785 ὑπ’
1326 2748 1436 2795 ἀέρος
1456 2747 1666 2795 ἐγκεφάλου

105 2822 140 2843 τε
170 2808 232 2843 καὶ
259 2809 413 2853 αἵματος
439 2807 543 2854 μέχρι
575 2813 692 2854 ψυχῆς
719 2807 872 2854 πληγήν.
923 2809 974 2844 Cf.
998 2810 1086 2845 Dox.
1108 2814 1188 2853 500,
1213 2814 1262 2844 14.

224 2871 257 2911 3)
287 2867 413 2912 ltaque
441 2879 528 2903 casu
554 2868 693 2903 factum
722 2879 794 2903 non
815 2868 971 2913 videtur,
999 2871 1039 2904 ut
1061 2868 1267 2904 l'liaedonis
1290 2869 1352 2905 ille
1373 2869 1417 2904 de
1439 2869 1663 2905 Alcmaeone

103 2928 203 2963 locus
228 2927 287 2973 (cf.
310 2938 394 2972 pag.
416 2928 475 2971 40)
501 2929 632 2972 gustus
658 2927 882 2963 mentionem
904 2928 1107 2972 omitteret,
1136 2927 1189 2964 ita
1208 2930 1249 2963 ut
1268 2929 1381 2964 etiam
1405 2928 1528 2974 priora
1550 2929 1662 2965 verba.

103 2985 270 3022 Platonis
298 2985 468 3022 manibus
494 2987 657 3022 tractata
684 2985 768 3021 sint.
