2125 3439
773 198 1063 239 „07-

139 301 278 345 dicere
311 305 468 357 potest,
501 318 598 345 cum
625 303 822 344 sensibus
850 303 1011 358 percipi
1037 305 1238 358 nequeat3
1271 305 1414 343 tamen
1449 302 1695 343 coniectura

137 373 202 414 uti
236 373 272 414 si
304 373 407 415 licet
439 371 511 430 (cf.
539 373 619 429 frg.
645 373 702 428 Ι),
737 377 865 428 caput
897 374 1165 428 putabimus,
1198 375 1348 426 utpote
1388 374 1429 414 in
1466 388 1549 428 quo
1584 387 1697 414 cere-

137 444 261 486 brum
300 444 466 486 animae
499 444 620 485 sedes
660 443 789 498 sit.⁷²)
853 444 970 492 Quae
1009 445 1240 500 explicatio
1280 445 1410 486 etiam
1450 459 1470 485 e
1504 444 1696 486 moribus

138 514 360 557 Plutarchi
399 518 442 556 et
474 512 699 555 Censorini
738 529 829 556 esse
868 515 1048 556 videtur.
1111 514 1223 556 Nam
1258 514 1560 570 Censorinum,
1600 529 1696 557 cum

139 586 189 626 de
227 600 271 626 re
309 580 542 627 artioribus
587 584 745 624 finibus
791 583 1123 638 circumscripta
1166 584 1362 625 libellum
1408 589 1698 639 componeret,

138 655 380 698 accuratius
414 669 639 709 excerpere
671 669 757 696 non
790 654 971 709 taeduit3
1009 654 1280 707 Plutarchus,
1313 655 1380 696 cui
1416 656 1614 697 omnibus
1648 657 1696 697 de

137 726 266 768 rebus
293 725 554 781 loquendum
581 728 686 779 erat,
719 725 921 766 brevitati
950 724 1164 779 imprimis
1195 739 1368 779 operam
1397 725 1514 766 dedit
1540 726 1698 781 itaque,

136 799 186 838 ut
217 797 342 852 plura
374 797 534 838 vitaret
566 796 709 849 verba,
742 796 885 850 capita
915 798 1085 837 tantum
1113 810 1255 836 rerum
1289 809 1418 849 quam
1445 797 1698 838 brevissime

136 870 308 923 poterat
340 868 528 922 recipere
561 867 667 909 satis
700 867 865 908 habuit.
917 866 1010 916 Qua
1042 867 1092 908 de
1118 881 1162 907 re
1196 881 1417 920 compares
1450 866 1578 907 velim
1612 868 1699 921 pla-

138 939 224 980 cita
250 939 303 980 ab
331 943 514 993 utroque
541 941 713 980 servata
739 936 882 994 (Gens.
911 938 949 991 6,
970 939 995 978 6
1023 940 1066 979 et
1091 937 1188 979 Aet.
1213 936 1249 978 V
1275 939 1340 990 11,
1364 939 1405 991 13
1438 936 1562 979 Gens.
1583 940 1621 992 ὕ,
1647 938 1699 979 10

137 1013 180 1051 et
211 1010 307 1051 Aet.
334 1009 371 1051 V
402 1011 468 1064 10,
492 1010 512 1051 1
548 1013 645 1063 etc.;
679 1009 729 1051 cf.
758 1008 994 1051 Dielesium
1029 1008 1137 1050 Dox.
1167 1009 1250 1050 195
1283 1007 1408 1064 init.)

729 1146 904 1190 Fragm.
935 1145 1105 1180 XVIII.

252 1234 468 1276 Aristot.
502 1234 538 1275 d.
566 1247 670 1289 gen.
698 1248 768 1275 an.
800 1233 864 1274 III
893 1235 936 1288 2,
971 1235 1055 1275 752
1082 1234 1108 1275 b
1137 1234 1210 1275 22:
1243 1241 1334 1283 τοῖς
1365 1231 1446 1288 μὲν
1478 1234 1561 1288 γὰρ
1596 1236 1699 1291 ζῳο-

135 1304 415 1365 τοκουμένοις
453 1304 500 1346 ἐν
538 1305 656 1362 ἄλλῳ
693 1307 832 1361 μορίῳ
871 1307 1037 1358 γίνεται
1079 1304 1101 1358 ἡ
1140 1305 1300 1360 τροφή,
1338 1306 1386 1346 τὸ
1424 1306 1699 1359 καλούμενον

133 1377 264 1431 γάλα,
302 1376 349 1418 ἐν
380 1383 471 1426 τοῖς
502 1382 696 1430 μαστοῖς·
735 1383 826 1425 τοῖς
859 1374 894 1416 δ’
936 1377 1079 1428 ὄρνισι
1120 1383 1249 1418 τοῦτο
1281 1383 1399 1417 ποιεῖ
1429 1375 1455 1429 ἡ
1488 1376 1620 1430 φύσις
1651 1375 1700 1417 ἐν

133 1455 224 1498 τοῖς
262 1446 386 1506 ᾠοῖς,
429 1446 690 1489 τούναντίον
733 1445 883 1501 μέντοι
925 1446 951 1500 ἢ
990 1448 1035 1488 οἵ
1070 1463 1114 1488 τε
1152 1448 1383 1500 ἅνθρωποι
1423 1450 1590 1488 οἴονται
1628 1444 1700 1487 καὶ

130 1517 375 1574 Ἀλκμαίων
397 1516 546 1573 ,φησὶν
579 1518 601 1560 ὁ
630 1517 950 1572 Κροτωνιάτης.
1002 1518 1055 1560 οὐ
1081 1519 1164 1573 γὰρ
1191 1519 1239 1560 τὸ
1267 1519 1425 1560 λευκόν
1452 1516 1542 1559 ἐστι
1574 1517 1700 1571 γάλα,

134 1589 244 1632 ἀλλὰ
275 1591 322 1633 τὸ
356 1590 511 1645 ὠχρόν.
572 1595 701 1631 τοῦτο
739 1588 822 1643 γάρ
862 1588 981 1630 ἐστιν
1019 1588 1045 1642 ἡ
1083 1591 1223 1644 τροφὴ
1264 1597 1353 1638 τοῖς
1391 1595 1594 1638 νεοττοῖς.
1658 1588 1704 1630 οἱ

133 1658 173 1702 δ’
211 1665 379 1704 οἴονται
410 1662 458 1703 τὸ
491 1661 648 1702 λευκὸν
681 1660 754 1701 διὰ
786 1661 867 1714 τὴν
900 1660 1135 1715 ὁμοιότητα
1167 1667 1247 1702 τοῦ
1280 1661 1516 1716 χρώματος.

252 1742 573 1798 Philoponus
608 1743 666 1784 ad
691 1743 763 1784 l.l.
792 1741 929 1798 (edit.
958 1743 1153 1786 Veneta
1182 1745 1293 1785 1526
1320 1741 1551 1798 f01.66*·):
1582 1740 1699 1784 ’Λλκ-

133 1815 276 1868 μαίων
302 1809 342 1855 δ’
373 1813 396 1855 ὁ
420 1814 732 1867 Κροτωνιάτης
757 1814 831 1854 διὰ
859 1815 905 1856 τὸ
933 1814 1043 1869 ὁρᾶν
1069 1815 1116 1856 τὸ
1142 1820 1221 1856 τοῦ
1248 1811 1339 1870 ᾠοῦ
1366 1815 1525 1856 λευκὸν
1545 1813 1699 1868 ὅμοιον

132 1890 191 1941 τῷ
226 1885 404 1938 γάλακτι
438 1886 617 1940 (λευκὸν
649 1882 697 1926 δὲ
729 1891 859 1927 τοῦτο
892 1883 1110 1942 κάκεῖνο),
1148 1882 1261 1927 εἶναι
1298 1882 1345 1926 δὲ
1378 1886 1425 1926 τὸ
1459 1884 1570 1938 γάλα
1601 1900 1699 1938 τρο-

132 1958 238 2010 φήν,
271 1955 474 2010 ἐνόμισεν
508 1956 566 2006 ὡς
598 1954 669 1997 καὶ
702 1954 749 1997 ἐν
782 1963 873 2006 τοῖς
904 1954 1007 2013 ᾠοῖς
1036 1958 1086 1998 τὸ
1118 1954 1198 2011 μὲν
1231 1957 1390 1998 λευκὸν
1421 1957 1561 2011 τροφή
1595 1955 1700 2009 ἐστι,

130 2027 179 2068 τὸ
219 2023 258 2068 δ”
296 2027 439 2082 ὠχρὸν
480 2029 527 2069 τὸ
566 2034 653 2068 τῶν
692 2033 881 2069 νεοττῶν
920 2035 1053 2082 σῶμα.
1117 2027 1197 2069 οὐκ
1235 2029 1325 2069 ἔστι
1365 2026 1435 2081 ὁέ,
1476 2027 1534 2077 ὡς
1573 2024 1701 2076 οὗτος

131 2097 154 2139 ὁ
177 2095 422 2152 Ἀλκμαίων
450 2102 600 2151 οἴεται,
628 2099 675 2139 τὸ
697 2099 856 2139 λευκὸν
883 2101 1038 2153 τροφή,
1065 2098 1175 2140 ἀλλὰ
1201 2101 1370 2153 μᾶλλον
1396 2099 1444 2148 τὸ
1467 2097 1623 2153 ὠχρόν.
1648 2123 1695 2127 -—

251 2180 562 2236 Philippsonus
589 2179 682 2236 (l.1.
712 2179 828 2236 186),
855 2180 1073 2223 Haeserus
1103 2181 1145 2227 (l.
1169 2181 1227 2236 1.),
1254 2180 1448 2222 Littreus
1474 2180 1698 2237 (Hippocr.

133 2249 151 2292 I
194 2250 274 2306 14)
319 2266 544 2307 perperam
587 2254 766 2293 narrant
804 2251 1111 2294 Alcmaeonem
1154 2252 1350 2294 vitellum
1394 2252 1524 2307 pullis
1567 2253 1713 2293 nutri-·

136 2325 282 2364 mento
321 2337 413 2364 esse
452 2325 626 2378 putasse
667 2325 817 2365 contra
856 2323 1103 2378 opinionem
1142 2324 1278 2378 vulgi,
1325 2323 1480 2378 quibus
1525 2326 1702 2378 propter

138 2393 294 2435 coloris
328 2408 424 2435 cum
456 2394 567 2435 lacte
601 2393 927 2436 similitudinem
962 2395 1029 2436 ovi
1064 2395 1209 2436 album
1241 2394 1359 2449 pullo
1386 2395 1698 2436 nutrimentum

135 2465 341 2519 praebere
374 2465 617 2519 placuisset.
674 2464 837 2506 Verum
870 2465 982 2520 apud
1015 2465 1306 2520 Philoponum
1339 2465 1540 2507 invenies.
1604 2465 1700 2507 Fal-

137 2535 353 2577 sissimam
393 2536 506 2577 enim
546 2535 609 2576 illi
650 2539 889 2590 sequuntur
921 2536 1206 2591 complurium
1242 2535 1436 2578 codicum
1468 2536 1699 2578 lectionem

137 2606 191 2649 οὐ
222 2607 305 2662 γὰρ
339 2608 386 2649 τὸ
414 2607 571 2648 λευκὸν
604 2603 741 2648 εἶναι
774 2607 900 2660 γάλα,
933 2623 1059 2661 quam
1090 2623 1167 2650 suo
1194 2608 1284 2649 iure
1312 2607 1559 2649 Bekkerum
1586 2622 1699 2662 spre-

135 2678 247 2720 visse
287 2679 519 2720 ostendunt
558 2693 664 2732 quae
704 2678 849 2731 paullo
888 2682 987 2732 post
1026 2679 1229 2735 leguntur
1262 2679 1368 2735 (754
1395 2694 1419 2719 a
1447 2678 1490 2733 7)
1529 2680 1576 2720 τὸ
1616 2680 1699 2732 γὰρ

136 2748 220 2791 ἀπὸ
253 2755 326 2803 τῆς
357 2750 519 2805 μητρὸς
551 2751 786 2803 γινόμενον
821 2749 843 2802 ἡ
876 2751 1017 2805 τροφὴ
1050 2752 1097 2792 τὸ
1131 2751 1274 2805 ὠχρόν
1307 2749 1438 2792 ἐστιν.

256 2880 291 2921 1)
324 2878 426 2912 Idem
459 2877 621 2912 Zellerns
655 2877 864 2922 significare
898 2879 1044 2914 videtur
1075 2879 1149 2914 his:
1188 2879 1413 2923 „Plutarchs
1442 2878 1596 2923 Anyabe
1630 2890 1699 2914 von

138 2937 358 2972 Censorinus
383 2937 685 2982 einyeschrc'inkt“
713 2937 767 2981 (1⁵
787 2941 866 2981 489,
887 2939 933 2982 2).

1366 2998 1413 3033 5*
