2125 3439
1046 229 1332 270 ,96-

417 337 451 378 si
484 336 682 377 universe
715 350 803 376 rem
837 337 1016 388 tractes,
1049 349 1099 375 ex
1131 334 1338 376 humido
1372 334 1474 376 oriri
1508 334 1669 388 credat,
1707 335 1772 376 sin
1805 334 1977 390 singula

416 421 606 460 quaeraS,
646 421 667 447 e
701 405 944 446 medullis
978 419 1121 446 semen
1158 405 1370 459 profluere
1405 404 1442 446 ei
1476 407 1644 446 constet
1676 403 1819 460 (Gens.
1845 405 1882 446 d.
1909 404 1977 447 die

413 480 500 519 nat.
531 478 569 530 ἴ),
601 475 662 532 2),
700 490 844 517 semen
883 478 1026 517 autem
1059 476 1236 530 πρώτην
1266 477 1412 531 ψυχὴν
1447 474 1601 531 (Arist.
1635 475 1684 517 de
1719 475 1861 517 anima
1892 475 1910 516 I
1938 476 1977 529 2,

411 548 499 589 405
525 548 552 588 b
580 546 624 602 5)
659 561 752 588 esse
792 546 1028 601 existimet,
1065 546 1157 587 fieri
1197 546 1358 601 potuit,
1397 550 1446 588 ut
1484 547 1671 588 animam
1709 560 1796 588 non
1835 546 1975 588 solum

415 633 571 672 aquam
604 632 695 659 esse
729 617 905 670 diceret,
939 617 1011 659 sed
1045 617 1175 659 etiam
1209 618 1430 659 cerebrum
1471 617 1756 672 (Hippolytus
1788 617 1977 673 philoso-

411 689 626 744 phumena
656 688 674 729 I
705 689 757 730 16
785 709 839 722 =
867 687 975 729 Dox.
1003 688 1100 742 566,
1127 689 1219 743 22ss
1252 688 1334 730 hoc
1361 688 1475 730 enim
1501 688 1629 744 longe
1656 688 1976 730 nobilissimum

413 761 527 801 inter
560 758 705 801 omnia
736 759 948 800 medullae
981 773 1148 814 genera.
1175 783 1224 789 —
1248 758 1443 813 Denique
1477 759 1526 800 de
1554 759 1784 800 infantium
1819 772 1975 814 genere

413 830 672 872 Plutarchus
699 830 807 872 Dox.
833 831 920 872 4⁶20
948 845 972 870 a
1005 831 1051 870 17
1080 830 1214 870 tradit
1239 830 1363 871 haec:
1391 827 1604 879 Ἱππῶναξ
1637 830 1678 870 εἰ
1707 826 1788 882 μὲν
1813 828 1839 882 ἡ
1865 828 1976 882 γονὴ

411 904 664 956 κρατήσειεν
701 901 857 956 ἄρρεν,
894 901 935 941 εἰ
965 898 1004 941 δ’
1042 900 1068 953 ἡ
1100 901 1240 954 τροφὴ
1276 898 1459 956 θῆλυΙ),
1499 899 1722 941 simillima
1754 898 1976 940 Alcmaeo-

410 972 571 1026 nianis,
609 972 692 1013 nisi
731 972 866 1026 quod,
903 986 999 1013 cum
1033 970 1233 1012 mulieres
1273 971 1339 1012 vel
1371 971 1538 1012 nullum
1573 968 1714 1026 (Gens.
1747 970 1791 1023 ἴ),
1822 967 1871 1026 4)
1912 968 1978 1010 vel

414 1043 568 1084 inutile
600 1041 736 1099 (Plut.
764 1042 802 1083 V
831 1042 868 1096 ὗ,
895 1042 941 1096 3)
974 1056 1120 1083 semen
1153 1041 1348 1082 emittere
1381 1044 1517 1095 putet,
1550 1041 1725 1082 seminis
1757 1041 1853 1082 loco
1887 1055 1975 1082 mu-

409 1113 559 1155 liebris
592 1112 875 1154 nutritionem
908 1112 953 1153 in
986 1113 1080 1154 alvo
1113 1112 1251 1154 foetui
1283 1112 1477 1154 oblatam
1508 1112 1667 1167 posuit.

529 1184 646 1225 Haec
678 1187 780 1225 sunt
812 1198 920 1238 quae
953 1183 1002 1224 de
1028 1183 1302 1224 nobilissima
1328 1181 1680 1225 Crotoniensium
1714 1185 1831 1224 secta
1863 1196 1976 1224 com·

413 1254 516 1309 peri.
568 1254 689 1296 Licet
716 1254 910 1296 conicere
936 1254 1195 1296 Brontinum
1222 1269 1300 1296 nec
1326 1269 1413 1296 non
1440 1253 1695 1309 Hippasum,
1728 1253 1800 1308 qui
1828 1252 1978 1296 Croto-

414 1326 555 1367 niatae
584 1327 784 1368 dicuntur
811 1325 1032 1379 eidemque
1059 1322 1405 1381 Metapontini2),
1438 1340 1488 1366 ex
1514 1325 1777 1367 medicorum
1804 1324 1978 1367 illorum

411 1411 590 1439 numero
622 1396 767 1438 fuisse.

531 1467 612 1510 Sed
646 1468 870 1509 mittamus
899 1466 1187 1509 Crotoniatas,
1236 1466 1328 1509 Iam
1361 1467 1726 1522 Hippocratici
1760 1467 1862 1522 quid
1895 1466 1978 1508 sin-

411 1539 523 1595 gulis
556 1539 599 1580 in
627 1539 754 1580 rebus
784 1538 1081 1593 perquirendis
1114 1537 1185 1594 (de
1217 1537 1414 1580 sensibus
1443 1536 1692 1594 praecipue)
1728 1538 1975 1580 Alcmaeoni

411 1610 626 1664 deberent,
654 1624 731 1651 suo
760 1610 943 1664 quidque
972 1610 1064 1650 loco
1093 1609 1369 1664 exposuimus
1397 1607 1514 1665 (pag.
1536 1610 1603 1651 39.
1625 1610 1693 1651 43.
1714 1609 1782 1651 51.
1803 1610 1872 1651 68.
1889 1607 1976 1665 72).

412 1680 619 1722 Attamen
652 1695 746 1722 cum
781 1694 878 1735 pag.
906 1681 961 1722 82
993 1683 1162 1734 patrem
1196 1680 1431 1722 medicinae
1465 1694 1642 1736 graecae
1668 1678 1975 1722 Alcmaeonem

413 1766 504 1792 esse
532 1751 832 1806 invenerimus,
860 1766 1113 1806 quaeramus
1142 1754 1327 1806 oportet,
1355 1755 1565 1806 quantum
1593 1751 1710 1792 illius
1737 1752 1786 1793 de
1812 1751 1975 1792 morbis

412 1822 617 1875 placitum
663 1822 713 1863 ad
757 1825 998 1863 ceterorum
1042 1822 1305 1864 medicorum
1350 1822 1431 1864 hac
1474 1823 1523 1864 de
1566 1837 1609 1864 re
1651 1822 1869 1864 doctrinas
1909 1837 1977 1863 ex-

412 1893 612 1934 colendas
649 1893 840 1934 valuerit.
894 1892 975 1935 Sed
1010 1907 1271 1947 quamquam
1305 1908 1401 1934 cum
1434 1893 1627 1934 inlibris
1655 1893 1976 1948 Hippocraticis

537 2023 569 2065 1)
599 2023 722 2066 Longe
744 2021 813 2055 alia
837 2021 937 2056 idem
956 2021 1177 2056 Plutarchus
1197 2022 1314 2057 tradit
1334 2021 1422 2057 Dox.
1445 2026 1512 2056 419
1535 2032 1556 2055 3
1576 2025 1637 2056 24:
1659 2019 1846 2064 Ἱππῶναξ
1871 2020 1976 2066 παρὰ

413 2081 453 2114 τὸ
481 2081 654 2120 συνεστὸς
679 2078 700 2123 ἢ
727 2080 870 2125 (malim
897 2081 949 2125 τε)
975 2080 1040 2115 καὶ
1068 2079 1218 2126 ἰσχυρὸν
1244 2079 1266 2124 ἢ
1292 2080 1396 2126 παρὰ
1422 2081 1462 2115 τὸ
1489 2078 1681 2125 ῥευστικόν
1707 2093 1745 2115 τε
1771 2080 1835 2115 καὶ
1861 2081 1977 2115 ἀσθε-

411 2138 584 2184 νέστερον
612 2139 765 2184 σπέρμα.
812 2139 861 2174 At
881 2141 1008 2174 movet
1028 2139 1288 2184 suspicionem,
1314 2140 1412 2184 quod
1440 2140 1568 2174 eodem
1595 2140 1632 2174 in
1660 2139 1782 2185 capite
1809 2141 1973 2175 eiusdem

414 2199 604 2242 scriptoris
631 2199 759 2233 eadem
787 2199 831 2233 de
856 2210 895 2233 re
927 2199 999 2233 duo
1032 2199 1268 2243 proferuntur
1294 2199 1444 2244 placita.
1497 2199 1624 2243 Itaque
1652 2199 1809 2233 alterum
1838 2199 1977 2234 lemma

416 2257 549 2292 calami
579 2257 685 2302 lapsu
712 2258 905 2293 confusum
933 2269 1011 2293 esse
1038 2259 1140 2293 ratus
1167 2259 1337 2302 equidem
1364 2261 1432 2292 419
1453 2270 1475 2293 a.
1494 2261 1538 2292 24
1566 2270 1632 2302 pro
1651 2256 1837 2301 Ἱππῶναξ,
1863 2259 1975 2303 scrip—

415 2317 524 2351 serim
546 2314 811 2362 Ἱπποκράτης,
837 2317 985 2352 collatis
1012 2317 1096 2351 libri
1125 2318 1169 2352 (le
1196 2319 1358 2361 generat.
1386 2329 1414 2352 c.
1438 2322 1458 2352 6
1483 2317 1541 2352 his
1568 2316 1750 2361 <V11478‚
1772 2322 1791 2352 5
1818 2317 1846 2352 L
1863 2319 1894 2362 ):
1931 2315 1977 2361 ἢν

411 2375 478 2420 μὲν
511 2374 577 2410 ἀπ’
608 2375 830 2422 ἀμφοτέρων
862 2376 902 2411 τὸ
936 2375 1080 2422 σπέρμα
1113 2375 1349 2421 ἰσχυρότερον
1383 2375 1494 2422 ἔλθῃ,
1527 2376 1640 2420 ἄρσεν
1668 2377 1826 2421 γίνεται·
1861 2374 1907 2420 ἢν
1933 2375 1974 2411 δὲ

412 2434 584 2478 ἀσθενές,
609 2438 718 2480 θῆλυ.
772 2436 873 2470 Idem
900 2436 943 2471 de
969 2439 1044 2471 nat.
1071 2436 1177 2481 pueri
1204 2439 1245 2469 31
1276 2435 1357 2480 (VII
1378 2440 1457 2479 540,
1479 2439 1522 2469 ‘35
1543 2436 1613 2478 L.):
1641 2432 1678 2476 ἐς
1703 2435 1878 2481 ὁκότερον
1902 2441 1976 2471 τῶν

410 2493 558 2529 κόλπων
583 2495 674 2540 τύχῃ
701 2495 723 2539 ἡ
750 2495 841 2540 ’γονὴ
867 2494 1057 2541 παχυτέρη
1084 2495 1148 2529 καὶ
1174 2493 1389 2540 ἰσχυροτέρη
1418 2492 1585 2538 ἐσιοῦσα,
1611 2496 1714 2529 κεῖθι
1740 2494 1852 2539 ἄρσεν
1878 2495 1976 2540 γίνε-

409 2565 486 2587 ται·
516 2551 552 2593 ἐς
578 2553 753 2599 ὁκότερον
779 2552 816 2588 δ’
839 2552 886 2588 αὖ
914 2553 1091 2599 ὑγροτέρη
1119 2554 1182 2588 καὶ
1203 2553 1468 2599 ἀσθενεστέρη,
1494 2556 1596 2589 κεῖθι
1621 2556 1721 2598 θῆλυ
1744 2554 1902 2598 γίνεται·
1930 2551 1976 2597 ἢν

410 2610 446 2645 δ’
470 2609 506 2652 ἒς
526 2613 637 2657 ἄμφω
665 2612 793 2658 ἰσχυρὴ
815 2611 977 2659 εἰσέλθῃ,
1004 2613 1115 2659 ἄμφω
1137 2613 1277 2659 ἄρσενα
1298 2615 1451 2659 γίνεται,
1479 2611 1525 2657 ἢν
1545 2611 1586 2648 δὲ
1608 2613 1773 2657 ἀσθενὴς
1793 2609 1830 2653 ἐς
1850 2612 1974 2658 ἄμφω,

411 2671 521 2716 ἄμφω
548 2672 669 2716 θήλεα
689 2674 841 2718 γίνεται.
881 2672 1025 2708 Erroris
1047 2672 1245 2708 Censorino
1266 2673 1487 2718 antiquioris
1513 2673 1551 2717 (Ι.
1569 2673 1591 2707 l.
1613 2676 1645 2715 6,
1663 2675 1701 2714 4;
1729 2672 1818 2706 Dox.
1839 2684 1874 2717 p.
1891 2674 1974 2716 191)

410 2732 519 2776 culpa.
545 2743 617 2766 non
638 2733 746 2767 Aetio
773 2732 972 2767 tribuenda
997 2743 1074 2767 esse
1102 2732 1260 2775 videtur,
1287 2732 1352 2767 sed
1377 2733 1607 2767 vetustorum
1636 2731 1861 2776 placitorum
1889 2741 1972 2766 auc—

410 2790 492 2834 tori,
518 2791 654 2835 quippe
681 2791 744 2834 qui
766 2793 803 2825 et
816 2791 914 2826 Aetii
936 2791 985 2836 (h.
1001 2802 1031 2827 e.
1056 2792 1258 2836 Plutarchi)
1279 2793 1317 2825 et
1338 2791 1510 2826 Varronis
1531 2790 1626 2834 (11.0.
1649 2789 1854 2834 Censorini)
1874 2801 1973 2825 com-

411 2849 532 2883 munis
557 2852 684 2884 auctor
710 2851 822 2884 fucrit
847 2851 950 2894 (Dox.
973 2851 1079 2895 proll.
1101 2852 1196 2894 201).

529 2910 563 2951 2)
592 2909 642 2942 lle
671 2908 837 2953 Hippaso
865 2910 948 2944 vide
973 2910 1103 2944 Ianibl.
1132 2910 1165 2944 d.
1194 2910 1257 2944 vit.
1285 2910 1393 2955 Pyth.
1422 2914 1462 2945 81
1493 2909 1577 2944 coll.
1605 2912 1691 2951 267;
1720 2907 1766 2942 (lc
1795 2907 1972 2943 Brontino

414 2966 538 3001 lambi.
563 2971 628 3001 132
655 2970 692 3001 ct
718 2972 784 3002 257
813 2969 896 3002 coll.
918 2968 1037 3003 Lam-t..
1061 2969 1167 3013 liiog.
1192 2969 1271 3003 VlIl
1296 2974 1324 3011 1,
1346 2973 1408 3011 22;
1436 2974 1467 3012 Ξῖ,
1490 2973 1526 3010 ‘23
1554 2973 1586 3012 5,
1607 2972 1639 3003 2.
