2125 3439
1049 216 1336 256 ...(39-

1037 351 1211 394 Fragm.
1245 350 1346 386 XII.

534 443 662 483 Plut.
690 441 822 495 Epit.
851 439 889 479 V
917 440 954 492 3,
975 439 1000 479 3
1029 436 1168 494 (Dox.
1189 440 1273 481 417
1303 454 1328 480 a
1357 438 1428 495 10)
1455 453 1512 480 ex
1537 437 1709 481 Aetio:
1731 436 1973 495 Ἀλκμαίων

418 513 659 567 ἐγκεφάλου
691 510 820 565 μέρος
852 510 919 564 (τὸ
953 507 1121 563 σπέρμα
1153 506 1298 563 εἶναι).

535 582 845 624 Censorinus
879 580 916 620 d.
945 580 980 620 d.
1008 582 1106 620 nat.
1135 579 1173 620 V
1201 581 1241 635 2,
1260 582 1304 622 3:
1338 579 1422 622 Sed
1451 581 1562 623 hanc
1590 581 1836 635 opinionem
1863 580 1974 637 (scil.

416 672 436 696 e
466 652 659 695 medullis
688 666 831 692 semen
862 649 1094 705 profluere)
1127 651 1324 692 nonnulli
1356 651 1570 706 refellunt,
1602 655 1650 693 ut
1676 652 1972 708 Anaxagoras,

418 724 687 766 Democritus
733 724 775 763 et
820 721 1023 762 Alcmaeo
1064 719 1354 762 Crotoniates:
1398 721 1444 762 hi
1489 722 1603 763 enim
1646 725 1746 776 post
1790 736 1972 778 gregum

415 794 733 837 contentionem
772 806 858 833 non
897 791 1096 832 medullis
1135 792 1280 846 modo,
1319 807 1468 834 verum
1507 795 1550 834 et
1588 792 1711 848 adipe
1750 794 1972 848 multaque

415 880 538 907 carne
572 878 710 905 mares
743 862 958 903 exhauriri
991 862 1262 916 respondent.
1299 887 1348 892 —
1622 912 1625 913 ⁷

532 935 663 975 Vides
697 932 981 974 Censorinum
1014 935 1143 987 atque
1175 931 1457 975 Plutarchum
1499 934 1542 974 in
1576 933 1766 975 diversas
1798 934 1972 976 tendere

414 1010 566 1061 partes.
630 1004 741 1045 Nam
776 1004 809 1044 si
846 1017 993 1044 revera
1032 1006 1075 1044 et
1111 1003 1310 1045 medullis
1350 1007 1394 1045 et
1431 1004 1555 1059 adipe
1593 1007 1636 1045 et
1673 1019 1798 1046 carne
1831 1019 1971 1046 mares

412 1075 625 1117 exhauriri
652 1075 856 1116 Alcmaeo
884 1074 1119 1127 contendit,
1152 1089 1202 1115 ex
1229 1073 1389 1116 eisdem
1418 1089 1563 1117 semen
1588 1075 1801 1130 profluere
1828 1076 1972 1118 dicen-

412 1149 511 1188 dum
552 1147 590 1188 ei
629 1146 759 1187 fuisse
799 1148 990 1199 apparet.
1051 1144 1147 1187 Hoc
1180 1145 1404 1187 Kuehnius
1446 1160 1616 1202 quoque
1656 1144 1821 1202 (opusc.
1854 1146 1969 1188 acad.

412 1218 574 1259 medica
599 1217 618 1258 Ι
648 1218 714 1269 74,
744 1215 816 1271 17)
844 1216 1070 1271 intellexit,
1103 1216 1176 1271 qui
1203 1216 1490 1259 Censorinum
1518 1216 1630 1259 falso
1658 1217 1970 1272 interpretatus

411 1304 431 1330 e
459 1288 656 1329 medullis
676 1287 889 1342 profluere
912 1301 1057 1328 semen
1078 1288 1130 1329 ab
1151 1287 1411 1330 Alcmaeone
1431 1287 1624 1343 positum
1645 1302 1738 1330 esse
1758 1286 1971 1329 dicentem

411 1375 505 1400 eum
539 1359 654 1400 facit.
711 1356 941 1400 Contrario
974 1373 1118 1400 errore
1151 1357 1435 1414 Gomperzius
1468 1358 1647 1415 (Griech.
1674 1358 1839 1400 Denker
1866 1357 1970 1413 120)

411 1430 606 1472 docuisse
640 1444 737 1470 eum
767 1432 931 1484 narrat,
961 1430 1054 1481 dalis
1085 1431 1149 1471 die
1185 1430 1451 1472 lVirbelsc'iule
1480 1443 1558 1471 von
1587 1430 1742 1482 fieren,
1773 1430 1837 1471 die
1866 1429 1970 1471 nach

420 1502 583 1555 Vollzuy
620 1501 688 1542 des
726 1500 1053 1554 Zm1921n93aktes
1086 1503 1228 1554 yetiitet
1264 1502 1443 1555 werden,
1479 1500 1716 1554 keinesweys
1752 1501 1839 1542 eine
1878 1500 1971 1542 Ver-

408 1573 651 1625 minderuny
682 1572 751 1613 des
781 1572 844 1612 dle
875 1570 1182 1613 Re‘iokenwirbez
1213 1572 1466 1624 eofi'illenden
1497 1571 1668 1613 Markes
1699 1570 1898 1624 auf'wevssst.
1954 1580 1959 1586 ·

526 1642 738 1696 Equidem
784 1657 881 1683 cum
921 1656 1000 1683 nec
1039 1640 1301 1684 Censorinus
1346 1657 1423 1683 nec
1461 1640 1721 1683 Plutarchus
1766 1640 1969 1697 indignus

409 1728 499 1755 esse
532 1713 638 1754 mihi
670 1712 889 1754 videretur
923 1712 990 1754 cui
1025 1713 1254 1767 crederem,
1279 1712 1343 1754 ita
1373 1713 1514 1767 primo
1546 1727 1637 1754 rem
1663 1713 1968 1755 enucleandam

408 1800 500 1825 csse
540 1784 788 1839 censebam,
825 1787 875 1825 ut
913 1783 1051 1824 totius
1090 1784 1282 1838 corporis
1321 1798 1371 1825 ex
1410 1784 1552 1838 adipe,
1589 1798 1732 1839 carne,
1770 1784 1968 1826 medullis

409 1870 552 1896 semen
587 1855 688 1895 oriri
723 1855 927 1897 Alcmaeo
960 1855 1130 1908 dixerit,
1161 1855 1346 1897 maxime
1373 1858 1520 1896 tamen
1547 1869 1568 1896 e
1596 1855 1783 1909 cerebro,
1815 1857 1968 1910 utpote

411 1927 521 1980 quod
560 1941 645 1967 non
678 1926 817 1967 solum
850 1926 981 1967 simili
1014 1929 1128 1967 esset
1161 1926 1313 1968 semini
1345 1928 1500 1967 natura
1532 1925 1604 1980 (cf.
1636 1926 1770 1967 Arist.
1802 1925 1840 1967 d.
1873 1940 1968 1982 gen.

409 2012 474 2037 an.
498 1998 577 2038 747
602 2012 626 2038 a
650 1996 735 2052 17),
755 1997 827 2039 sed
849 1997 979 2038 etiam
1002 1997 1169 2039 animae
1194 1997 1326 2050 sedes,
1353 1997 1552 2052 quodque
1573 1997 1716 2051 ipsum
1736 1996 1966 2038 medullam

410 2082 501 2108 csse
533 2070 707 2122 putasse
740 2066 964 2124 videtur.¹)
1027 2068 1091 2110 Ac
1129 2082 1230 2109 sane
1263 2068 1482 2109 simillime
1522 2070 1675 2109 auctor
1709 2068 1760 2109 de
1793 2081 1967 2123 genera-

409 2138 535 2191 tione,
569 2138 641 2192 qui
675 2138 873 2179 omnibus
907 2154 928 2180 e
961 2139 1154 2193 corporis
1187 2138 1384 2194 partibus
1418 2153 1562 2180 semen
1587 2138 1801 2194 profluere
1831 2138 1967 2180 credit

408 2208 555 2264 (Hipp.
583 2208 667 2249 VII
699 2210 802 2263 470,
836 2211 876 2264 13
908 2211 1006 2262 474,
1040 2211 1066 2252 5
1098 2208 1178 2266 L.),
1216 2213 1449 2264 postquam
1488 2210 1537 2252 de
1577 2210 1638 2252 eis
1677 2209 1750 2264 qui
1789 2209 1967 2251 testium

407 2280 618 2321 excisione
650 2279 867 2321 infecundi
900 2280 1056 2322 redditi
1089 2283 1191 2322 sunt
1221 2281 1352 2322 verba
1389 2280 1510 2335 fecit,
1549 2280 1698 2323 ὁκόσοι
1737 2277 1785 2322 δὲ
1826 2280 1967 2335 inquit

406 2351 520 2402 (472,
549 2352 622 2404 12)
655 2349 754 2404 παρ’
787 2347 863 2401 οὖς
894 2350 1149 2406 τετμημένοι
1181 2352 1310 2406 εἰσίν,
1343 2348 1465 2394 οὗτοι
1493 2352 1758 2405 λαγνεύουσι
1786 2348 1868 2406 μὲν
1892 2349 1964 2393 καὶ

406 2420 606 2474 ἀφιᾶσιν,
648 2422 799 2475 ὀλίγον
839 2420 886 2464 δὲ
930 2421 1002 2464 καὶ
1047 2420 1234 2472 ἀσθενὲς
1277 2421 1348 2464 καὶ
1387 2423 1570 2477 ἄγονον·
1614 2429 1750 2478 χωρεῖ
1789 2422 1871 2476 γὰρ
1915 2423 1964 2464 τὸ

405 2495 606 2533 πλεῖστον
638 2499 716 2534 τοῦ
748 2495 884 2546 γόνου
916 2492 999 2536 ἀπὸ
1025 2500 1102 2548 τῆς
1127 2497 1316 2549 κεφαλῆς
1342 2492 1451 2550 (scil.
1479 2510 1501 2536 e
1529 2495 1722 2536 cerebro:
1755 2493 1854 2547 470,
1877 2491 1964 2549 14).

408 2561 494 2603 Noc
522 2578 640 2604 secus
668 2564 757 2617 ipse
786 2563 1074 2619 Hippocrates
1102 2564 1162 2606 eis
1191 2580 1299 2620 quae
1327 2566 1452 2608 docet
1477 2566 1528 2607 de
1555 2579 1665 2620 aere,
1695 2564 1788 2618 loc.,
1816 2578 1881 2618 aq.
1908 2565 1963 2605 14

403 2632 462 2685 (ll
485 2634 539 2673 UO
561 2632 627 2689 L.)
655 2635 677 2676 ὁ
704 2636 834 2688 γόνος
859 2637 1137 2690 πανταχόθεν
1165 2637 1333 2691 ἔρχεται
1360 2642 1439 2678 τοῦ
1466 2636 1665 2690 σώματος
1690 2634 1835 2689 paullo
1861 2637 1962 2689 post

403 2709 456 2747 (c.
484 2706 538 2744 22
569 2725 619 2737 =
649 2706 716 2759 78,
739 2707 792 2747 lo
817 2704 884 2762 L.)
916 2706 1035 2748 addit
1061 2706 1144 2748 εἰσὶ
1172 2707 1254 2761 γὰρ
1279 2708 1396 2762 παρὰ
1421 2707 1473 2749 τὰ
1499 2703 1586 2748 ὦτα
1612 2705 1772 2760 φλέβες
1803 2705 1853 2755 ἃς
1885 2705 1960 2747 ἐάν

525 2834 558 2874 1)
586 2832 678 2865 Nam
706 2836 852 2873 πολλοῖς
879 2833 896 2867 ὁ
922 2831 1125 2879 ἐγκέφαλος
1150 2836 1260 2870 δοκεῖ
1280 2835 1411 2880 μυελὸς
1437 2833 1535 2870 εἶναι
1566 2834 1630 2869 διὰ
1661 2834 1702 2868 τὸ
1729 2837 1864 2879 συνεχῆ
1894 2833 1959 2869 τὸν

406 2890 557 2933 ῥιτχίτην
578 2890 676 2935 αὐτῷ
697 2891 787 2933 ὁρᾶν
808 2892 942 2936 μυελόν
958 2893 1068 2928 Arist.
1084 2894 1117 2927 d.
1135 2896 1230 2938 part.
1246 2894 1358 2930 anim.
1375 2894 1409 2928 11
1429 2898 1462 2938 7,
1475 2897 1543 2929 652
1563 2904 1586 2927 a
1605 2897 1660 2928 24.
1701 2892 1754 2928 Cf.
1775 2892 1958 2927 Galerium

408 2949 450 2981 ΙΙΙ
476 2953 536 2982 «371
566 2948 606 2982 Κ,
634 2951 670 2982 ct
695 2950 925 2984 Athenaeum
952 2962 1036 2996 pag.
1058 2951 1144 2986 ο51·’
1170 2955 1268 2996 (cum
1297 2955 1383 2988 uota
1408 2952 1645 2993 Casauboui).
