2125 3439
780 241 1070 282 *43-

146 345 340 389 invectus
367 349 432 388 est
459 345 748 401 Ps.-Hippocr.
777 347 827 388 de
853 347 987 401 princ.
1018 348 1071 389 15
1099 345 1225 402 (VIII
1254 347 1339 389 603
1366 345 1448 402 L.):
1483 348 1572 389 εἰσί
1594 362 1709 397 τινες

146 419 191 459 οἳ
220 417 372 468 ἔλεξαν
403 417 540 472 φύσιν
571 416 899 471 ξυγγράφοντες
931 418 997 459 ὅτι
1024 418 1047 460 ὁ
1075 417 1314 473 ἐγκέφαλός
1345 416 1464 459 ἐστιν
1498 418 1520 460 ὁ
1548 417 1707 473 ἠχε’ων’

145 494 275 530 τοῦτο
302 485 350 530 δὲ
370 487 450 530 οὐκ
470 486 524 528 ἂν
544 485 727 540 γένοιτο.
773 486 868 540 lpse
889 487 1034 541 paullo
1058 492 1156 529 ante
1177 487 1231 544 (c.
1258 488 1309 530 15
1331 508 1385 522 =
1408 488 1513 530 VIII
1535 490 1618 531 602
1642 489 1706 545 L.)

146 557 309 610 ἀκούει,
335 557 490 611 inquit,
516 556 588 597 διὰ
608 557 725 598 τόδε·
753 557 804 597 τὰ
830 559 1024 611 τρήματα
1050 566 1138 600 τῶν
1164 559 1337 600 οὐάτων
1363 561 1573 613 προσήκει
1599 561 1708 614 πρὸς

145 627 298 670 ὀστέον
335 628 527 682 σκληρόν
557 642 603 668 τε
640 625 712 668 καὶ
751 626 885 681 ξηρὸν
923 628 1078 681 ὅμοιον
1117 631 1248 686 λίθῳ·
1288 636 1416 671 τοῦτο
1457 628 1503 671 δὲ
1542 629 1707 685 πέφυκε

143 699 252 753 πρὸς
290 696 444 741 ὀστέον
482 700 686 748 κοίλωσις
724 698 1028 753 σηραγγώδης·
1067 699 1114 741 οἱ
1148 697 1196 740 dte
1237 701 1371 754 ψόφοι
1405 700 1707 754 ἀπερείδονται

144 770 254 824 πρὸς
284 770 333 811 τὸ
366 771 576 824 σκληρόν·
608 770 656 811 τὸ
684 766 732 811 δὲ
759 767 912 811 ὀστέον
938 770 987 811 τὸ
1013 773 1166 812 κοῖλον
1192 769 1344 825 ε’πηχεῖ
1374 771 1447 811 διὰ
1475 777 1554 813 τοῦ
1580 775 1708 825 σκλη-

144 846 242 894 ροῦ’
274 840 324 881 τὸ
358 837 405 882 δὲ
438 839 576 895 δέρμα
608 841 656 882 τὸ
682 841 791 894 πρὸς
822 846 873 895 τῇ
906 839 1014 896 ἀκοῇ
1046 842 1156 896 πρὸς
1186 847 1245 898 τῷ
1273 840 1409 898 ὀστέῳ
1442 847 1500 897 τῷ
1535 846 1707 898 σκληρῷ

144 911 302 952 λεπτόν
340 909 431 952 ἐστι
469 910 614 965 ὥσπερ
657 910 891 965 ἀράχνιον,
930 910 1168 966 ξηρότατον
1206 916 1284 953 τοῦ
1317 912 1454 954 ἄλλου
1486 910 1708 967 δέρματος.

143 982 352 1035 τεκμήρια
391 978 438 1022 δὲ
475 981 616 1023 πολλὰ
655 981 720 1022 ὅτι
759 981 997 1036 ξηρότατον
1034 981 1134 1037 ἠχεῖ
1168 982 1372 1036 μάλιστα·
1411 983 1516 1024 ὅταν
1557 981 1603 1024 δὲ
1637 982 1706 1038 με’-

143 1065 295 1107 γιστον
334 1053 492 1108 ’ἠχήσῃ,
530 1054 625 1094 τότε
663 1053 848 1107 μάλιστα
888 1052 1117 1107 ἀκούομεν.
1182 1051 1438 1095 Simillimus
1470 1053 1606 1109 igitur
1638 1054 1709 1096 hic

143 1123 409 1177 Alcmaeoni,
435 1122 520 1164 nisi
543 1123 685 1165 differt
711 1138 761 1165 eo
789 1124 901 1178 quod
923 1124 1097 1166 cerebro
1120 1124 1343 1166 minimam
1372 1125 1526 1167 tribuit
1554 1139 1709 1180 cogno-

144 1194 288 1236 scendi
327 1193 640 1249 facultatem1);
682 1194 864 1236 similior
904 1197 1055 1237 auctor
1093 1196 1144 1237 de
1183 1196 1346 1237 morbis
1379 1196 1421 1237 Π
1455 1194 1566 1252 (cap.
1598 1198 1626 1237 4
1654 1217 1707 1229 =

143 1265 228 1307 VII
258 1265 311 1308 10
326 1279 388 1320 sq.
415 1263 482 1320 L.)
516 1265 589 1319 qui
622 1266 669 1307 τὸ
697 1266 804 1307 κατὰ
837 1266 884 1313 τὸ
912 1263 988 1316 οὖς
1020 1268 1172 1308 κενεὸν
1205 1281 1358 1308 sonum
1391 1267 1560 1310 efficere
1593 1283 1706 1309 eum-

146 1351 227 1391 que
261 1335 436 1378 cerebro
470 1334 751 1390 ἑνσημαίνειν
784 1337 889 1378 vult.

259 1419 411 1462 Liceat
450 1419 710 1476 subiungere
749 1420 867 1462 aliud
905 1420 1197 1476 fragmentum
1236 1425 1278 1463 et
1316 1421 1459 1476 ipsum
1499 1421 1551 1462 ad
1583 1436 1706 1462 aures

143 1491 375 1547 pertinens.

781 1569 956 1614 Fragm.
989 1569 1066 1606 IV.

260 1656 479 1699 Aristot.
517 1657 634 1699 hist.
673 1673 744 1699 an.
782 1657 802 1698 I
840 1659 888 1699 11
924 1672 1034 1713 pag.
1061 1658 1147 1700 492
1180 1674 1205 1700 a
1244 1659 1313 1700 14:
1346 1657 1590 1712 Ἀλκμαίων
1629 1658 1709 1700 οὐκ

143 1728 288 1784 ἀληθῆ
321 1727 452 1783 λέγει,
484 1728 677 1783 φάμενος
709 1729 922 1771 ἀναπνεῖν
952 1729 1029 1778 τὰς
1061 1726 1187 1783 αἶγας
1219 1730 1326 1771 κατὰ
1357 1731 1409 1771 τὰ
1442 1726 1541 1771 ὦτα.
1574 1754 1630 1758 »-

263 1811 487 1854 Schulzius
531 1812 716 1867 proximi
762 1812 922 1854 saeculi
968 1813 1157 1854 medicus
1208 1812 1318 1854 hanc
1364 1813 1417 1854 ad
1462 1813 1708 1868 opinionem

144 1898 192 1926 eo
232 1883 455 1925 inductum
494 1897 586 1925 esse
625 1883 933 1925 Alcmaeonem
970 1884 1159 1938 putavit,
1202 1885 1314 1938 quod
1354 1886 1542 1926 meatum
1585 1884 1706 1926 illum

143 1969 165 1996 e
191 1955 337 2010 palato
365 1954 416 1996 ad
444 1955 559 1996 auris
587 1957 842 2009 tympanum
869 1955 1108 2009 ducentem,
1136 1970 1263 2010 quem
1282 1970 1361 1997 nos
1384 1956 1535 1997 tubam
1554 1955 1708 1997 Eusta-

144 2026 342 2068 chianam
375 2025 514 2067 dicere
554 2025 759 2080 solemus,
798 2025 1229 2081 animadve1·tisset.²)
1292 2026 1428 2068 Miror
1464 2027 1624 2068 multos
1667 2030 1709 2068 et

143 2097 416 2140 doctissimos
449 2097 564 2138 viros
604 2097 657 2138 ab
692 2097 781 2138 eius
816 2097 1030 2139 sententia
1071 2112 1157 2139 non
1191 2096 1463 2154 recessisseff)
1497 2098 1708 2154 graviter-

144 2183 224 2224 que
250 2168 515 2224 increpuisse
545 2167 838 2222 Aristotelem,
871 2168 943 2223 qui
978 2171 1167 2210 meatum
1202 2169 1325 2210 illum
1358 2184 1382 2210 a
1409 2184 1453 2211 se
1486 2169 1707 2211 inventum

145 2255 236 2283 esse
263 2240 424 2295 perfide
451 2239 712 2293 gloriaretur
740 2238 859 2295 (hist.
887 2254 952 2281 an.
979 2239 999 2280 I
1030 2240 1079 2281 11
1108 2255 1147 2294 p.
1170 2241 1256 2282 492
1284 2255 1308 2282 a
1337 2241 1408 2282 19:
1441 2247 1569 2283 τοῦτο
1599 2240 1708 2295 [scih

144 2395 249 2429 6561)
273 2395 330 2438 13)
356 2393 397 2427 τὸ
424 2392 584 2428 ὄπισθεν
618 2391 711 2436 (scil.
738 2398 802 2437 τῆς
828 2394 1007 2437 κεφαλῆς)
1041 2393 1108 2427 οὐκ
1143 2391 1217 2437 ἔχει
1244 2391 1451 2437 ἐγκέφαλον
1484 2393 1595 2428 latius
1629 2394 1707 2427 tum

144 2452 298 2489 diffusus
323 2463 423 2487 error
449 2451 560 2487 fuisse
587 2454 686 2497 (pag.
708 2456 787 2496 511,
810 2454 856 2496 7).

265 2515 297 2556 1)
324 2522 410 2557 pag.
439 2514 523 2555 584,
545 2515 565 2545 9
599 2512 710 2546 δοκεῖ
735 2510 776 2546 δέ
804 2524 865 2556 μοι
898 2510 916 2545 ὃ
944 2511 1124 2556 καλέομεν
1150 2512 1294 2557 θερμὸν
1324 2511 1522 2547 ἀθάνατόν
1548 2524 1584 2547 τε
1613 2510 1709 2547 εἶναι

144 2572 208 2608 καὶ
234 2576 334 2607 νοεῖν
361 2570 484 2606 πάντα
510 2570 573 2605 καὶ
595 2569 686 2615 ὁρῆν
710 2570 772 2605 καὶ
792 2571 948 2606 ἀκούειν
974 2572 1056 2607 coll.
1078 2583 1163 2617 pag.
1186 2575 1264 2614 588,
1289 2575 1330 2606 14
1357 2571 1376 2606 ὁ
1403 2568 1607 2616 ἐγκέφαλός
1634 2570 1707 2606 ἐστι

144 2630 366 2678 μητρόπολις
384 2635 449 2665 τοῦ
469 2635 628 2674 ψυχροῦ.
668 2630 809 2664 Tamen
836 2641 864 2666 c,
889 2634 931 2665 16
952 2632 1050 2676 (pag.
1075 2634 1156 2674 604,
1178 2633 1213 2675 9)
1235 2631 1479 2675 ὀσφραίνεται
1499 2629 1535 2665 δ’
1559 2630 1578 2665 ὁ
1606 2627 1707 2676 ἐγκέ-

146 2693 262 2736 φαλος
288 2689 397 2735 ὑγρὸς
423 2686 494 2724 ἐὼν
521 2688 632 2729 αὐτὸς
658 2694 729 2723 τῶν
756 2690 887 2733 ξηρῶν.

265 2752 302 2794 2)
329 2747 635 2783 Schulze·Khelle
663 2748 746 2783 hist.
770 2750 868 2783 anat.
890 2759 985 2792 spec.
1010 2749 1022 2782 Ι
1050 2749 1195 2791 (Altorfi
1227 2752 1339 2792 1721).

266 2811 301 2853 3)
327 2808 437 2843 Κϋὶιῃ
471 2810 608 2853 (opusc.
638 2808 731 2842 med.
767 2810 803 2842 ct
829 2807 918 2852 phil.
947 2807 959 2840 Ι
989 2811 1032 2841 70
1059 2807 1155 2852 Lips.
1187 2811 1306 2852 1827),
1338 2807 1480 2843 Hecker
1506 2809 1645 2853 (Ge-sch.
1673 2810 1706 2845 d.

146 2868 353 2904 Heilkunde
372 2878 456 2912 pag.
473 2869 544 2911 78),
566 2867 705 2902 Haescr
719 2866 858 2911 (Gesch.
874 2867 907 2901 d.
926 2867 1026 2902 Med.
1047 2878 1130 2912 pag.
1147 2869 1217 2911 82),
1241 2868 1450 2903 Helmreich
1472 2869 1524 2913 (in
1545 2868 1707 2904 Hirscbii

145 2927 309 2962 Leaeikou
335 2927 370 2961 d.
397 2926 740 2971 hervorrayendsten
765 2919 873 2961 „irate
897 2938 924 2961 s.
947 2939 978 2961 v.
1002 2926 1228 2970 Alcmaeon),
1258 2926 1401 2962 Isensee
1428 2927 1646 2970 (Grundrifs
1671 2929 1705 2963 d.

144 2987 285 3021 Natur-
311 2998 346 3020 u.
368 2985 576 3022 Heilkunde
600 2997 685 3031 pag.
707 2988 754 3030 4).
