2125 3439
1014 222 1304 264 -38—

386 335 516 377 Vides
549 334 682 389 igitur
714 331 780 374 vel
813 330 947 385 ipsius
980 327 1144 370 exordii
1175 327 1361 369 formam
1393 326 1570 369 minime
1603 327 1745 369 favere
1779 325 1942 370 Sittelii

390 403 622 459 suspicioni
652 401 709 458 (p.
736 402 792 444 20
807 398 900 456 sq.)
950 398 1099 453 Neque
1133 398 1246 440 enim
1278 399 1323 439 in
1347 397 1548 440 falsarios
1585 398 1700 440 hunc
1732 399 1944 453 prooemii

391 489 553 517 morem
585 476 629 514 in
661 471 801 526 quinti
833 469 993 511 saeculi
1027 469 1311 524 scriptoribus
1345 469 1579 511 solemnem
1606 483 1774 511 summo
1801 470 1944 511 studio

388 546 608 586 imitantes
655 541 852 598 (Lobeck
883 539 1097 596 Aglaoph.
1133 538 1244 596 722)
1290 540 1475 596 digitum
1519 540 1740 582 intendere
1784 540 1946 594 licebit,

387 616 634 671 priusquam
666 612 710 654 in
743 611 895 654 ceteris
929 624 1097 666 quoque
1127 610 1402 653 Alcmaeonis
1434 611 1691 667 fragmentis
1725 611 1854 653 certis
1885 611 1946 652 in-

390 686 511 728 diciis
550 698 700 726 manus
739 697 887 724 eorum
931 681 1003 723 ille
1043 681 1368 736 monstraverit,
1413 682 1526 738 quod
1564 696 1714 724 vereor
1756 697 1809 724 ne
1853 681 1947 724 fieri

387 772 472 799 non
503 755 653 811 possit.

1034 842 1210 886 Fragm.
1241 841 1301 878 11.

505 907 892 974 Theophrastus
932 918 988 959 de
1021 932 1174 960 sensu
1211 920 1236 970 ξ
1269 918 1324 960 25
1357 916 1497 974 (Dox.
1523 920 1622 973 506,
1653 918 1743 976 19):
1779 926 1867 961 τῶν
1900 916 1949 960 δὲ

390 994 446 1047 μὴ
479 998 538 1048 τῷ
570 992 706 1048 ὁμοίῳ
745 990 994 1031 ποιούντων
1031 989 1110 1043 τὴν
1143 992 1356 1044 αἴσθησιν
1383 987 1627 1044 Ἀλκμαίων
1664 987 1744 1045 μὲν
1775 997 1949 1045 πρῶτον

391 1064 587 1117 ἀφορίζει
619 1062 700 1115 τὴν
729 1062 837 1115 πρὸς
869 1060 919 1102 τὰ
948 1062 1031 1117 ζῷα
1058 1060 1291 1115 διαφοράν.
1342 1061 1583 1115 ἄνθρωπον
1615 1060 1698 1116 γάρ
1724 1072 1832 1116 φησι
1863 1068 1950 1103 τῶν

390 1135 536 1175 ἄλλων
582 1130 808 1186 διαφέρειν
854 1131 921 1172 ὅτι
964 1132 1102 1185 μόνον
1141 1130 1331 1185 ξυνίησι·
1374 1132 1425 1173 τὰ
1467 1128 1507 1172 δ’
1543 1132 1653 1173 ἄλλα
1692 1131 1950 1174 αἰσθάνεται

389 1203 489 1258 με’ν,
523 1203 575 1245 οὐ
609 1203 780 1256 ξυνίησι
814 1200 876 1255 δέ,
909 1202 968 1251 ὡς
999 1200 1149 1257 ἕτερον
1183 1200 1234 1242 ὃν
1260 1202 1308 1243 τὸ
1335 1208 1521 1256 φρονεῖν
1552 1201 1624 1244 καὶ
1653 1202 1950 1244 αἰσθάνεσθαι

390 1273 461 1316 καὶ
506 1275 580 1327 οὔ,
624 1272 823 1327 καθάπερ
863 1272 1172 1327 Ἐμπεδοκλῆς,
1215 1271 1389 1315 ταύτόν.
1452 1273 1598 1314 ἔπειτα
1635 1272 1733 1328 περὶ
1772 1271 1951 1328 ἑκάστης

390 1346 515 1400 λέγει.
549 1370 603 1375 —-

554 1412 709 1461 μόνον]
735 1412 848 1459 μόνος
874 1424 964 1449 corr.
991 1415 1076 1459 post
1097 1412 1280 1449 Zellerum
1307 1413 1334 1449 Ι.
1354 1412 1522 1449 Kleinius
1547 1414 1800 1458 (quaestiones
1826 1412 1953 1458 Nigid.

435 1488 471 1520 p.
492 1479 536 1509 26
556 1473 675 1518 VIII),
702 1471 898 1508 Dielesius.
950 1472 1021 1508 Sed
1053 1471 1169 1518 μόνον
1203 1472 1304 1518 quod
1337 1473 1459 1508 exstat
1489 1472 1528 1507 in
1553 1472 1611 1507 PF
1639 1473 1802 1518 explicat
1830 1474 1867 1507 et
1892 1473 1955 1508 de·

439 1533 559 1568 fendit
585 1532 775 1568 Vahlenus
802 1532 849 1568 ad
875 1531 1029 1567 Aristot.
1055 1532 1172 1577 poet.³
1197 1543 1282 1577 pag.
1306 1533 1412 1567 103*.

508 1606 576 1647 Ad
603 1606 661 1655 ὡς
687 1604 861 1659 ἕτερον.
884 1639 892 1647 .
913 1639 920 1646 .
942 1638 951 1646 .
970 1604 1131 1648 ταύτόν
1158 1607 1272 1647 10010
1294 1604 1422 1647 Unna
1448 1607 1644 1647 annotat:
1673 1605 1799 1648 ‘haec
1825 1606 1955 1648 verba

393 1681 583 1720 extrema
616 1679 716 1718 sunt
741 1676 1043 1731 Theophrasti,
1075 1691 1162 1718 11011
1193 1676 1480 1731 Alcmaeonis,
1515 1676 1588 1731 qui
1621 1679 1774 1719 contra
1802 1676 1956 1731 Empe-

392 1749 558 1791 doclem
591 1748 982 1790 contendisse-non
1012 1748 1187 1802 potest'.
1248 1747 1369 1789 Idem
1406 1747 1683 1790 vehementer
1721 1750 1837 1788 errat
1868 1747 1954 1789 his:

393 1821 561 1862 ‘sbventa
599 1834 687 1861 non
730 1819 783 1860 ad
819 1827 994 1874 πρῶτον
1033 1819 1237 1873 refertur,
1282 1819 1355 1860 sed
1395 1820 1540 1860 ἔπειτα
1578 1818 1738 1873 operis,
1780 1827 1955 1875 πρῶτον

397 1891 552 1932 aetatis
604 1890 797 1932 ordinem
847 1890 1027 1945 indicat3
1083 1890 1246 1945 alioqui
1290 1889 1535 1945 ponendum
1580 1893 1672 1931 erat
1727 1887 1807 1944 μὲν
1857 1893 1958 1946 post

394 1961 601 2017 πρῶτον’.
663 1961 814 2016 Neque
853 1964 998 2003 tamen
1034 1961 1207 2003 difficile
1240 1964 1306 2003 est
1337 1961 1580 2015 intellectu,
1620 1976 1695 2003 cur
1732 1976 1836 2004 voce
1874 1960 1955 2016 μέν

394 2048 480 2074 11011
518 2047 619 2074 113113
660 2033 717 2074 sit
748 2032 1095 2087 Theophrastus,
1131 2032 1195 2074 ita
1232 2034 1282 2074 ut
1320 2032 1425 2074 haee
1463 2032 1640 2074 omissio
1679 2032 1815 2074 levius
1855 2047 1956 2075 sane

397 2104 454 2145 sit
486 2106 707 2158 peccatum
741 2118 870 2158 quam
903 2103 1074 2157 Unnae,
1113 2103 1186 2158 qui
1226 2106 1268 2145 et
1299 2110 1469 2158 πρῶτος
1507 2106 1550 2145 et
1582 2102 1775 2159 ἀφώρισε
1815 2103 1957 2159 legen-

397 2175 496 2216 dum
530 2175 613 2216 sibi
645 2174 778 2216 fuisse
814 2189 900 2217 non
933 2174 1245 2216 animadvertit.

514 2258 707 2299 Primum
738 2257 1044 2299 Alcmaeonem
1077 2258 1290 2299 rationem
1322 2259 1366 2298 et
1399 2271 1548 2298 sensus
1587 2257 1699 2298 inter
1732 2272 1776 2299 se
1809 2258 1957 2300 distin-

397 2329 506 2370 xisse
551 2328 858 2383 Philippsonus
905 2327 1033 2385 (”’Τλη
1078 2328 1340 2382 ἀνθρωπίνη
1385 2343 1423 2382 p.
1460 2325 1562 2383 186)
1606 2327 1720 2369 haud
1766 2328 1853 2370 scio
1904 2344 1959 2371 an

397 2399 529 2440 nimia
558 2400 816 2441 confidentia
843 2399 1121 2441 contenderit.
1164 2398 1278 2440 Nam
1305 2398 1475 2440 etiamsi
1503 2414 1562 2453 ca,
1591 2413 1698 2453 quae
1725 2399 1775 2441 de
1795 2399 1958 2455 Pytha-

399 2485 503 2525 gora
537 2474 579 2511 et
610 2470 872 2525 Xenophane
913 2468 982 2526 (cf.
1018 2469 1228 2511 Zellerum
1260 2468 1304 2510 1⁵
1333 2472 1374 2524 1,
1401 2471 1506 2524 5483
1543 2469 1823 2512 Karstenium
1854 2471 1957 2526 phil.

400 2555 460 2594 gr.
493 2544 574 2582 vet.
615 2541 633 2581 I
669 2544 710 2595 1,
747 2539 850 2596 192)
889 2540 1033 2582 sensui
1072 2541 1367 2582 diffidentibus
1406 2541 1539 2582 tradit
1579 2539 1790 2583 Stobaeus
1823 2540 1955 2598 (Dox.

403 2610 513 2652 Rslssb
538 2611 621 2667 1⁴2),
642 2612 911 2653 dubitatione
938 2626 1024 2653 non
1052 2617 1209 2666 carent,
1236 2615 1379 2654 tamen
1394 2612 1664 2654 Heraclitum
1686 2613 1958 2656 Alcmaeonis

402 2682 488 2723 sere
517 2683 737 2737 aequalem
770 2698 919 2725 sensus
953 2698 976 2724 a
1003 2683 1169 2725 ratione
1197 2683 1477 2725 secernendos
1504 2697 1596 2725 esse
1623 2697 1708 2725 non
1735 2684 1957 2740 ignorasse

403 2753 640 2809 apparet-,Q
679 2755 741 2795 ita
778 2757 826 2795 ut
865 2757 961 2797 uter
1000 2755 1118 2809 prior
1157 2755 1352 2797 docuerit
1391 2754 1679 2809 quaerendum
1713 2755 1782 2796 sit.
1845 2755 1958 2798 Utut

526 2908 555 2937 11
584 2904 651 2946 frg.
686 2904 752 2946 111,
781 2905 840 2949 IV,
874 2906 956 2940 XIX
992 2907 1170 2951 Bywater.
1223 2906 1330 2942 Haud
1364 2917 1468 2942 secus
1501 2905 1738 2942 Parmenides
1770 2908 1818 2951 (v.
1845 2910 1888 2942 55
1903 2919 1956 2952 sq.

404 2962 581 2996 Karsten).
633 2961 684 2997 (¹f.
706 2963 885 2998 Zellerum
913 2966 925 2999 1
950 2966 997 3009 1⁵,
1018 2970 1095 3001 565,
