<?xml version="1.0" encoding="UTF-8"?>
<!DOCTYPE html PUBLIC "-//W3C//DTD XHTML 1.0 Transitional//EN"
    "http://www.w3.org/TR/xhtml1/DTD/xhtml1-transitional.dtd">
<html xmlns="http://www.w3.org/1999/xhtml" xml:lang="en" lang="en">
 <head>
  <title>
</title>
<meta http-equiv="Content-Type" content="text/html;charset=utf-8" />
  <meta name='ocr-system' content='tesseract 3.04.00' />
  <meta name='ocr-capabilities' content='ocr_page ocr_carea ocr_par ocr_line ocrx_word'/>
</head>
<body>
  <div class='ocr_page' id='page_1' title='image "./dealcmaeonecroto00wachuoft_0070.png"; bbox 0 0 2125 3439; ppageno 0'>
   <div class='ocr_carea' id='block_1_1' title="bbox 1052 195 1342 236">
    <p class='ocr_par' dir='ltr' id='par_1_1' title="bbox 1052 195 1342 236">
     <span class='ocr_line' id='line_1_1' title="bbox 1052 195 1342 236; baseline 0 -11"><span class='ocrx_word' id='word_1_1' title='bbox 1052 195 1342 236; x_wconf 47' lang='lat' dir='ltr'>,4ssss—</span> 
     </span>
    </p>
   </div>
   <div class='ocr_carea' id='block_1_2' title="bbox 477 299 1731 639">
    <p class='ocr_par' dir='ltr' id='par_1_2' title="bbox 477 299 1731 639">
     <span class='ocr_line' id='line_1_2' title="bbox 477 299 1567 356; baseline -0.002 -13"><span class='ocrx_word' id='word_1_2' title='bbox 477 303 670 356; x_wconf 75' lang='grc' dir='ltr'><em>χάσκεινε</em></span> <span class='ocrx_word' id='word_1_3' title='bbox 730 302 779 342; x_wconf 92' lang='lat' dir='ltr'>de</span> <span class='ocrx_word' id='word_1_4' title='bbox 812 304 900 342; x_wconf 87' lang='lat' dir='ltr'>nat.</span> <span class='ocrx_word' id='word_1_5' title='bbox 926 301 1024 342; x_wconf 88' lang='lat' dir='ltr'>fem.</span> <span class='ocrx_word' id='word_1_6' title='bbox 1056 302 1106 342; x_wconf 87' lang='lat'>13</span> <span class='ocrx_word' id='word_1_7' title='bbox 1139 299 1243 356; x_wconf 84' lang='lat' dir='ltr'>(VII</span> <span class='ocrx_word' id='word_1_8' title='bbox 1270 301 1368 354; x_wconf 89' lang='lat'>330,</span> <span class='ocrx_word' id='word_1_9' title='bbox 1399 301 1463 342; x_wconf 71' lang='lat'>1⁶2.</span> <span class='ocrx_word' id='word_1_10' title='bbox 1493 299 1567 356; x_wconf 86' lang='lat'>14)</span> 
     </span>
     <span class='ocr_line' id='line_1_3' title="bbox 730 369 1344 427; baseline -0.002 -14"><span class='ocrx_word' id='word_1_11' title='bbox 730 372 780 413; x_wconf 86' lang='lat' dir='ltr'>de</span> <span class='ocrx_word' id='word_1_12' title='bbox 813 385 952 427; x_wconf 83' lang='lat' dir='ltr'>gener.</span> <span class='ocrx_word' id='word_1_13' title='bbox 980 371 1006 412; x_wconf 86' lang='lat'>9</span> <span class='ocrx_word' id='word_1_14' title='bbox 1039 370 1145 426; x_wconf 85' lang='lat' dir='ltr'>(VII</span> <span class='ocrx_word' id='word_1_15' title='bbox 1174 371 1272 423; x_wconf 78' lang='lat'>482,</span> <span class='ocrx_word' id='word_1_16' title='bbox 1299 369 1344 426; x_wconf 86' lang='lat'>7)</span> 
     </span>
     <span class='ocr_line' id='line_1_4' title="bbox 730 439 1722 498; baseline 0 -15"><span class='ocrx_word' id='word_1_17' title='bbox 730 443 780 484; x_wconf 89' lang='lat' dir='ltr'>de</span> <span class='ocrx_word' id='word_1_18' title='bbox 814 443 949 483; x_wconf 91' lang='lat' dir='ltr'>morb.</span> <span class='ocrx_word' id='word_1_19' title='bbox 975 442 1076 484; x_wconf 92' lang='lat' dir='ltr'>mul.</span> <span class='ocrx_word' id='word_1_20' title='bbox 1105 441 1124 482; x_wconf 93' lang='lat' dir='ltr'>I</span> <span class='ocrx_word' id='word_1_21' title='bbox 1151 442 1207 483; x_wconf 78' lang='lat'>24</span> <span class='ocrx_word' id='word_1_22' title='bbox 1233 439 1362 497; x_wconf 90' lang='lat' dir='ltr'>(VIII</span> <span class='ocrx_word' id='word_1_23' title='bbox 1389 443 1457 495; x_wconf 85' lang='lat'>64,</span> <span class='ocrx_word' id='word_1_24' title='bbox 1483 441 1528 498; x_wconf 79' lang='grc'>2)</span> <span class='ocrx_word' id='word_1_25' title='bbox 1715 471 1722 476; x_wconf 92' lang='grc'><strong>-</strong></span> 
     </span>
     <span class='ocr_line' id='line_1_5' title="bbox 1009 511 1718 569; baseline -0.001 -14"><span class='ocrx_word' id='word_1_26' title='bbox 1009 547 1030 567; x_wconf 95' lang='grc'>,,</span> <span class='ocrx_word' id='word_1_27' title='bbox 1096 511 1116 554; x_wconf 94' lang='grc' dir='ltr'>Ι</span> <span class='ocrx_word' id='word_1_28' title='bbox 1143 513 1199 555; x_wconf 80' lang='grc'>25</span> <span class='ocrx_word' id='word_1_29' title='bbox 1225 511 1352 569; x_wconf 82' lang='lat' dir='ltr'>(VIII</span> <span class='ocrx_word' id='word_1_30' title='bbox 1380 514 1448 566; x_wconf 87' lang='lat'>64,</span> <span class='ocrx_word' id='word_1_31' title='bbox 1477 514 1542 556; x_wconf 87' lang='grc'>18.</span> <span class='ocrx_word' id='word_1_32' title='bbox 1577 513 1644 567; x_wconf 84' lang='grc'>66,</span> <span class='ocrx_word' id='word_1_33' title='bbox 1674 511 1718 568; x_wconf 91' lang='grc'>1)</span> 
     </span>
     <span class='ocr_line' id='line_1_6' title="bbox 1009 582 1731 639; baseline 0.001 -15"><span class='ocrx_word' id='word_1_34' title='bbox 1009 617 1030 638; x_wconf 95' lang='grc'>,,</span> <span class='ocrx_word' id='word_1_35' title='bbox 1100 583 1143 625; x_wconf 92' lang='lat' dir='ltr'>II</span> <span class='ocrx_word' id='word_1_36' title='bbox 1175 584 1256 626; x_wconf 83' lang='lat'>166</span> <span class='ocrx_word' id='word_1_37' title='bbox 1283 582 1410 639; x_wconf 80' lang='lat' dir='ltr'>(VIII</span> <span class='ocrx_word' id='word_1_38' title='bbox 1439 585 1537 638; x_wconf 85' lang='lat'>344,</span> <span class='ocrx_word' id='word_1_39' title='bbox 1567 585 1633 625; x_wconf 75' lang='lat'>12.</span> <span class='ocrx_word' id='word_1_40' title='bbox 1657 582 1731 639; x_wconf 85' lang='lat'>14)</span> 
     </span>
    </p>
   </div>
   <div class='ocr_carea' id='block_1_3' title="bbox 1003 653 1714 781">
    <p class='ocr_par' dir='ltr' id='par_1_3' title="bbox 1003 653 1714 781">
     <span class='ocr_line' id='line_1_7' title="bbox 1096 653 1634 709; baseline 0.002 -14"><span class='ocrx_word' id='word_1_41' title='bbox 1096 653 1140 695; x_wconf 86' lang='lat'>11</span> <span class='ocrx_word' id='word_1_42' title='bbox 1167 655 1252 696; x_wconf 79' lang='lat'>213</span> <span class='ocrx_word' id='word_1_43' title='bbox 1280 653 1407 709; x_wconf 79' lang='lat' dir='ltr'>(vlu</span> <span class='ocrx_word' id='word_1_44' title='bbox 1432 655 1532 708; x_wconf 89' lang='lat'>410,</span> <span class='ocrx_word' id='word_1_45' title='bbox 1557 653 1634 709; x_wconf 78' lang='lat'>21&gt;</span> 
     </span>
     <span class='ocr_line' id='line_1_8' title="bbox 1003 723 1714 781; baseline 0 -15"><span class='ocrx_word' id='word_1_46' title='bbox 1003 759 1025 780; x_wconf 87' lang='lat'>„</span> <span class='ocrx_word' id='word_1_47' title='bbox 1093 724 1137 766; x_wconf 89' lang='lat'>11</span> <span class='ocrx_word' id='word_1_48' title='bbox 1164 725 1246 766; x_wconf 88' lang='lat'>241</span> <span class='ocrx_word' id='word_1_49' title='bbox 1277 723 1405 780; x_wconf 82' lang='lat' dir='ltr'>(vm</span> <span class='ocrx_word' id='word_1_50' title='bbox 1431 725 1530 779; x_wconf 79' lang='lat'>454,</span> <span class='ocrx_word' id='word_1_51' title='bbox 1558 723 1603 781; x_wconf 87' lang='lat'>7)</span> <span class='ocrx_word' id='word_1_52' title='bbox 1637 727 1714 766; x_wconf 57' lang='lat' dir='ltr'>etc.</span> 
     </span>
    </p>
   </div>
   <div class='ocr_carea' id='block_1_4' title="bbox 409 759 1980 1429">
    <p class='ocr_par' dir='ltr' id='par_1_4' title="bbox 737 759 881 779">
     <span class='ocr_line' id='line_1_9' title="bbox 737 759 881 779; baseline 0.007 -1"><span class='ocrx_word' id='word_1_53' title='bbox 737 759 759 779; x_wconf 78' lang='lat'>77</span> <span class='ocrx_word' id='word_1_54' title='bbox 875 771 881 779; x_wconf 54' lang='grc' dir='ltr'><em>ι</em></span> 
     </span>
    </p>

    <p class='ocr_par' dir='ltr' id='par_1_5' title="bbox 409 806 1980 1429">
     <span class='ocr_line' id='line_1_10' title="bbox 414 806 1979 862; baseline 0 -13"><span class='ocrx_word' id='word_1_55' title='bbox 414 806 479 848; x_wconf 87' lang='lat' dir='ltr'>Ne</span> <span class='ocrx_word' id='word_1_56' title='bbox 524 807 636 862; x_wconf 91' lang='lat' dir='ltr'>apud</span> <span class='ocrx_word' id='word_1_57' title='bbox 674 807 956 849; x_wconf 72' lang='lat' dir='ltr'><strong>Aristotelem</strong></span> <span class='ocrx_word' id='word_1_58' title='bbox 1002 807 1173 862; x_wconf 90' lang='lat' dir='ltr'>quidem</span> <span class='ocrx_word' id='word_1_59' title='bbox 1217 807 1342 861; x_wconf 87' lang='lat' dir='ltr'>plane</span> <span class='ocrx_word' id='word_1_60' title='bbox 1387 808 1523 848; x_wconf 89' lang='lat' dir='ltr'>deest:</span> <span class='ocrx_word' id='word_1_61' title='bbox 1568 807 1670 848; x_wconf 90' lang='lat' dir='ltr'>hist.</span> <span class='ocrx_word' id='word_1_62' title='bbox 1709 822 1775 848; x_wconf 91' lang='lat' dir='ltr'>an.</span> <span class='ocrx_word' id='word_1_63' title='bbox 1814 806 1900 849; x_wconf 90' lang='lat' dir='ltr'>VII</span> <span class='ocrx_word' id='word_1_64' title='bbox 1939 809 1979 861; x_wconf 87' lang='lat'>4,</span> 
     </span>
     <span class='ocr_line' id='line_1_11' title="bbox 415 876 1980 934; baseline 0 -15"><span class='ocrx_word' id='word_1_65' title='bbox 415 878 500 920; x_wconf 79' lang='lat'>583</span> <span class='ocrx_word' id='word_1_66' title='bbox 522 879 548 916; x_wconf 85' lang='lat' dir='ltr'>b</span> <span class='ocrx_word' id='word_1_67' title='bbox 577 879 644 920; x_wconf 88' lang='lat'>31.</span> <span class='ocrx_word' id='word_1_68' title='bbox 676 903 722 908; x_wconf 89' lang='lat'>—</span> <span class='ocrx_word' id='word_1_69' title='bbox 756 876 959 932; x_wconf 85' lang='lat' dir='ltr'>Suspicor</span> <span class='ocrx_word' id='word_1_70' title='bbox 991 879 1135 918; x_wconf 89' lang='lat' dir='ltr'>tamen</span> <span class='ocrx_word' id='word_1_71' title='bbox 1169 877 1485 930; x_wconf 73' lang='lat' dir='ltr'>posterioribus</span> <span class='ocrx_word' id='word_1_72' title='bbox 1525 879 1638 918; x_wconf 90' lang='lat' dir='ltr'>certe</span> <span class='ocrx_word' id='word_1_73' title='bbox 1668 876 1980 934; x_wconf 76' lang='lat' dir='ltr'>temporibus1)</span> 
     </span>
     <span class='ocr_line' id='line_1_12' title="bbox 412 946 1978 1001; baseline 0.001 -12"><span class='ocrx_word' id='word_1_74' title='bbox 412 948 522 990; x_wconf 86' lang='lat' dir='ltr'>hanc</span> <span class='ocrx_word' id='word_1_75' title='bbox 543 963 690 991; x_wconf 83' lang='lat' dir='ltr'>vocem</span> <span class='ocrx_word' id='word_1_76' title='bbox 711 948 949 990; x_wconf 80' lang='lat' dir='ltr'>inauditam</span> <span class='ocrx_word' id='word_1_77' title='bbox 970 948 1115 1001; x_wconf 88' lang='lat' dir='ltr'>fuisse,</span> <span class='ocrx_word' id='word_1_78' title='bbox 1143 947 1209 988; x_wconf 88' lang='lat' dir='ltr'>cui</span> <span class='ocrx_word' id='word_1_79' title='bbox 1233 946 1479 988; x_wconf 85' lang='lat' dir='ltr'>coniectura</span> <span class='ocrx_word' id='word_1_80' title='bbox 1499 947 1627 1001; x_wconf 84' lang='lat' dir='ltr'>favet,</span> <span class='ocrx_word' id='word_1_81' title='bbox 1655 948 1767 1001; x_wconf 89' lang='lat' dir='ltr'>quod</span> <span class='ocrx_word' id='word_1_82' title='bbox 1790 946 1978 990; x_wconf 85' lang='lat' dir='ltr'>Galenus</span> 
     </span>
     <span class='ocr_line' id='line_1_13' title="bbox 412 1017 1978 1073; baseline 0.001 -14"><span class='ocrx_word' id='word_1_83' title='bbox 412 1034 498 1060; x_wconf 90' lang='lat' dir='ltr'>non</span> <span class='ocrx_word' id='word_1_84' title='bbox 531 1020 671 1061; x_wconf 91' lang='lat' dir='ltr'>solum</span> <span class='ocrx_word' id='word_1_85' title='bbox 706 1020 826 1061; x_wconf 87' lang='lat' dir='ltr'>nullo</span> <span class='ocrx_word' id='word_1_86' title='bbox 866 1021 1076 1073; x_wconf 89' lang='lat' dir='ltr'>quantum</span> <span class='ocrx_word' id='word_1_87' title='bbox 1114 1017 1312 1072; x_wconf 85' lang='lat' dir='ltr'>equidem</span> <span class='ocrx_word' id='word_1_88' title='bbox 1352 1018 1440 1060; x_wconf 87' lang='lat' dir='ltr'>scio</span> <span class='ocrx_word' id='word_1_89' title='bbox 1479 1018 1574 1060; x_wconf 89' lang='lat' dir='ltr'>loco</span> <span class='ocrx_word' id='word_1_90' title='bbox 1614 1033 1664 1059; x_wconf 88' lang='lat' dir='ltr'>ea</span> <span class='ocrx_word' id='word_1_91' title='bbox 1694 1033 1798 1061; x_wconf 83' lang='lat' dir='ltr'>voce</span> <span class='ocrx_word' id='word_1_92' title='bbox 1838 1019 1978 1061; x_wconf 89' lang='lat' dir='ltr'>utitur</span> 
     </span>
     <span class='ocr_line' id='line_1_14' title="bbox 412 1087 1978 1146; baseline 0.001 -15"><span class='ocrx_word' id='word_1_93' title='bbox 412 1089 564 1146; x_wconf 90' lang='lat' dir='ltr'>(immo</span> <span class='ocrx_word' id='word_1_94' title='bbox 591 1090 696 1132; x_wconf 86' lang='lat' dir='ltr'>dicit</span> <span class='ocrx_word' id='word_1_95' title='bbox 723 1089 1083 1143; x_wconf 83' lang='grc' dir='ltr'><em>ἀναστομοῦσθαι</em></span> <span class='ocrx_word' id='word_1_96' title='bbox 1110 1089 1176 1130; x_wconf 86' lang='lat' dir='ltr'>vel</span> <span class='ocrx_word' id='word_1_97' title='bbox 1203 1087 1539 1145; x_wconf 81' lang='grc' dir='ltr'><em>ἀνοίγνυσθαι),</em></span> <span class='ocrx_word' id='word_1_98' title='bbox 1571 1089 1644 1131; x_wconf 90' lang='lat' dir='ltr'>sed</span> <span class='ocrx_word' id='word_1_99' title='bbox 1675 1092 1718 1131; x_wconf 89' lang='lat' dir='ltr'>et</span> <span class='ocrx_word' id='word_1_100' title='bbox 1742 1089 1835 1144; x_wconf 87' lang='lat' dir='ltr'>ipse</span> <span class='ocrx_word' id='word_1_101' title='bbox 1867 1090 1978 1132; x_wconf 85' lang='lat' dir='ltr'>hanc</span> 
     </span>
     <span class='ocr_line' id='line_1_15' title="bbox 411 1159 1977 1216; baseline 0.001 -14"><span class='ocrx_word' id='word_1_102' title='bbox 411 1161 531 1202; x_wconf 85' lang='lat' dir='ltr'>verbi</span> <span class='ocrx_word' id='word_1_103' title='bbox 559 1160 921 1216; x_wconf 86' lang='lat' dir='ltr'>significationem</span> <span class='ocrx_word' id='word_1_104' title='bbox 947 1160 1145 1216; x_wconf 85' lang='lat' dir='ltr'>ignotam</span> <span class='ocrx_word' id='word_1_105' title='bbox 1179 1160 1262 1201; x_wconf 91' lang='lat' dir='ltr'>sibi</span> <span class='ocrx_word' id='word_1_106' title='bbox 1283 1159 1417 1202; x_wconf 91' lang='lat' dir='ltr'>fuisse</span> <span class='ocrx_word' id='word_1_107' title='bbox 1442 1160 1588 1215; x_wconf 90' lang='lat' dir='ltr'>prodit</span> <span class='ocrx_word' id='word_1_108' title='bbox 1607 1159 1747 1202; x_wconf 86' lang='lat' dir='ltr'>Lexic.</span> <span class='ocrx_word' id='word_1_109' title='bbox 1769 1159 1977 1215; x_wconf 90' lang='lat' dir='ltr'>Hippocr.</span> 
     </span>
     <span class='ocr_line' id='line_1_16' title="bbox 411 1231 1977 1288; baseline 0 -15"><span class='ocrx_word' id='word_1_110' title='bbox 411 1246 508 1287; x_wconf 85' lang='lat' dir='ltr'><strong>pag.</strong></span> <span class='ocrx_word' id='word_1_111' title='bbox 530 1233 615 1273; x_wconf 76' lang='lat'>594</span> <span class='ocrx_word' id='word_1_112' title='bbox 642 1232 704 1273; x_wconf 91' lang='lat' dir='ltr'>ed.</span> <span class='ocrx_word' id='word_1_113' title='bbox 726 1231 973 1273; x_wconf 87' lang='lat' dir='ltr'>Frantzius:</span> <span class='ocrx_word' id='word_1_114' title='bbox 1004 1239 1196 1288; x_wconf 85' lang='grc' dir='ltr'><em>χασκῶν·</em></span> <span class='ocrx_word' id='word_1_115' title='bbox 1227 1238 1453 1284; x_wconf 83' lang='grc' dir='ltr'><em>περισπῶν</em></span> <span class='ocrx_word' id='word_1_116' title='bbox 1479 1231 1502 1273; x_wconf 90' lang='grc' dir='ltr'>ὁ</span> <span class='ocrx_word' id='word_1_117' title='bbox 1521 1232 1849 1285; x_wconf 79' lang='grc' dir='ltr'><em>Διοσκουρίδης</em></span> <span class='ocrx_word' id='word_1_118' title='bbox 1873 1231 1977 1273; x_wconf 83' lang='grc' dir='ltr'><em>ἀνα-</em></span> 
     </span>
     <span class='ocr_line' id='line_1_17' title="bbox 411 1302 1978 1358; baseline 0.001 -14"><span class='ocrx_word' id='word_1_119' title='bbox 411 1302 644 1356; x_wconf 74' lang='grc' dir='ltr'><em>γιγνώσκει</em></span> <span class='ocrx_word' id='word_1_120' title='bbox 682 1304 760 1344; x_wconf 80' lang='grc' dir='ltr'>καί</span> <span class='ocrx_word' id='word_1_121' title='bbox 792 1314 928 1358; x_wconf 85' lang='grc' dir='ltr'><em>φησιν</em></span> <span class='ocrx_word' id='word_1_122' title='bbox 964 1302 1103 1352; x_wconf 78' lang='grc' dir='ltr'><strong><em>οὕτως</em></strong></span> <span class='ocrx_word' id='word_1_123' title='bbox 1135 1303 1342 1356; x_wconf 81' lang='grc' dir='ltr'><em>εἰρῆσθαι</em></span> <span class='ocrx_word' id='word_1_124' title='bbox 1380 1303 1456 1352; x_wconf 77' lang='grc' dir='ltr'>τὰς</span> <span class='ocrx_word' id='word_1_125' title='bbox 1487 1303 1650 1357; x_wconf 78' lang='grc' dir='ltr'><strong><em>μήτρας</em></strong></span> <span class='ocrx_word' id='word_1_126' title='bbox 1690 1303 1763 1344; x_wconf 80' lang='grc' dir='ltr'>διὰ</span> <span class='ocrx_word' id='word_1_127' title='bbox 1799 1304 1848 1345; x_wconf 86' lang='grc' dir='ltr'>τὸ</span> <span class='ocrx_word' id='word_1_128' title='bbox 1881 1302 1978 1345; x_wconf 83' lang='grc' dir='ltr'><em>ἀνε-</em></span> 
     </span>
     <span class='ocr_line' id='line_1_18' title="bbox 409 1378 673 1429; baseline 0.004 -14"><span class='ocrx_word' id='word_1_129' title='bbox 409 1378 673 1429; x_wconf 80' lang='grc' dir='ltr'><em>στομῶσθαι.</em></span> 
     </span>
    </p>
   </div>
   <div class='ocr_carea' id='block_1_5' title="bbox 738 687 1027 710">
    <p class='ocr_par' dir='ltr' id='par_1_6' title="bbox 738 687 1027 710">
     <span class='ocr_line' id='line_1_19' title="bbox 738 687 1027 710; baseline 0.003 -2"><span class='ocrx_word' id='word_1_130' title='bbox 738 687 761 708; x_wconf 78' lang='lat'>77</span> <span class='ocrx_word' id='word_1_131' title='bbox 864 689 886 710; x_wconf 82' lang='lat'>77</span> <span class='ocrx_word' id='word_1_132' title='bbox 1006 688 1027 709; x_wconf 76' lang='lat'>77</span> 
     </span>
    </p>
   </div>
   <div class='ocr_carea' id='block_1_6' title="bbox 1027 1463 1352 1508">
    <p class='ocr_par' dir='ltr' id='par_1_7' title="bbox 1027 1463 1352 1508">
     <span class='ocr_line' id='line_1_20' title="bbox 1027 1463 1352 1508; baseline 0.003 -10"><span class='ocrx_word' id='word_1_133' title='bbox 1027 1464 1177 1508; x_wconf 75' lang='lat' dir='ltr'>Frgm.</span> <span class='ocrx_word' id='word_1_134' title='bbox 1209 1463 1352 1499; x_wconf 89' lang='lat' dir='ltr'><strong>XVII.</strong></span> 
     </span>
    </p>
   </div>
   <div class='ocr_carea' id='block_1_7' title="bbox 402 1549 1979 2685">
    <p class='ocr_par' dir='ltr' id='par_1_8' title="bbox 408 1549 1979 1749">
     <span class='ocr_line' id='line_1_21' title="bbox 535 1549 1979 1608; baseline 0.001 -15"><span class='ocrx_word' id='word_1_135' title='bbox 535 1552 669 1594; x_wconf 91' lang='lat' dir='ltr'>Plut.</span> <span class='ocrx_word' id='word_1_136' title='bbox 697 1552 833 1607; x_wconf 87' lang='lat' dir='ltr'>Epit.</span> <span class='ocrx_word' id='word_1_137' title='bbox 859 1551 899 1593; x_wconf 92' lang='lat' dir='ltr'><strong>V</strong></span> <span class='ocrx_word' id='word_1_138' title='bbox 924 1553 990 1605; x_wconf 83' lang='lat'>17,</span> <span class='ocrx_word' id='word_1_139' title='bbox 1009 1552 1035 1594; x_wconf 87' lang='lat'><strong>3</strong></span> <span class='ocrx_word' id='word_1_140' title='bbox 1069 1551 1209 1606; x_wconf 75' lang='lat' dir='ltr'>(Dox.</span> <span class='ocrx_word' id='word_1_141' title='bbox 1235 1552 1319 1593; x_wconf 78' lang='lat'>427</span> <span class='ocrx_word' id='word_1_142' title='bbox 1343 1567 1368 1592; x_wconf 87' lang='lat' dir='ltr'>a</span> <span class='ocrx_word' id='word_1_143' title='bbox 1388 1550 1435 1608; x_wconf 91' lang='grc'>8)</span> <span class='ocrx_word' id='word_1_144' title='bbox 1461 1566 1518 1593; x_wconf 83' lang='lat' dir='ltr'>ex</span> <span class='ocrx_word' id='word_1_145' title='bbox 1544 1551 1714 1594; x_wconf 72' lang='lat' dir='ltr'>A‘ctio:</span> <span class='ocrx_word' id='word_1_146' title='bbox 1735 1549 1979 1607; x_wconf 81' lang='grc' dir='ltr'><strong><em>Ἀλκμαίων</em></strong></span> 
     </span>
     <span class='ocr_line' id='line_1_22' title="bbox 413 1618 1977 1678; baseline 0.001 -14"><span class='ocrx_word' id='word_1_147' title='bbox 413 1624 493 1677; x_wconf 86' lang='grc' dir='ltr'>τὴν</span> <span class='ocrx_word' id='word_1_148' title='bbox 513 1625 727 1678; x_wconf 80' lang='grc' dir='ltr'>κεφαλήν,</span> <span class='ocrx_word' id='word_1_149' title='bbox 755 1622 803 1664; x_wconf 84' lang='grc' dir='ltr'>ἐν</span> <span class='ocrx_word' id='word_1_150' title='bbox 830 1618 855 1678; x_wconf 77' lang='grc' dir='ltr'><em>ἧ</em></span> <span class='ocrx_word' id='word_1_151' title='bbox 884 1621 975 1664; x_wconf 82' lang='grc' dir='ltr'><em>ἐστι</em></span> <span class='ocrx_word' id='word_1_152' title='bbox 1000 1624 1048 1664; x_wconf 86' lang='grc' dir='ltr'>τὸ</span> <span class='ocrx_word' id='word_1_153' title='bbox 1068 1622 1332 1677; x_wconf 82' lang='grc' dir='ltr'><em>ἡγεμονικόν</em></span> <span class='ocrx_word' id='word_1_154' title='bbox 1354 1621 1549 1677; x_wconf 79' lang='grc' dir='ltr'>(πρῶτον</span> <span class='ocrx_word' id='word_1_155' title='bbox 1574 1625 1977 1677; x_wconf 81' lang='grc' dir='ltr'><em>τελεσιουργεῖσθαι</em></span> 
     </span>
     <span class='ocr_line' id='line_1_23' title="bbox 408 1693 763 1749; baseline -0.003 -14"><span class='ocrx_word' id='word_1_156' title='bbox 408 1693 456 1736; x_wconf 82' lang='grc' dir='ltr'>ἐν</span> <span class='ocrx_word' id='word_1_157' title='bbox 487 1700 538 1749; x_wconf 73' lang='grc' dir='ltr'>τῇ</span> <span class='ocrx_word' id='word_1_158' title='bbox 571 1693 763 1749; x_wconf 77' lang='grc' dir='ltr'>γαστρί).</span> 
     </span>
    </p>

    <p class='ocr_par' dir='ltr' id='par_1_9' title="bbox 409 1752 1977 1962">
     <span class='ocr_line' id='line_1_24' title="bbox 529 1752 1976 1820; baseline 0 -14"><span class='ocrx_word' id='word_1_159' title='bbox 529 1764 737 1807; x_wconf 84' lang='lat' dir='ltr'><strong>Censor.</strong></span> <span class='ocrx_word' id='word_1_160' title='bbox 763 1765 802 1806; x_wconf 89' lang='lat' dir='ltr'>d.</span> <span class='ocrx_word' id='word_1_161' title='bbox 829 1764 909 1806; x_wconf 91' lang='lat' dir='ltr'>die</span> <span class='ocrx_word' id='word_1_162' title='bbox 935 1767 1034 1806; x_wconf 88' lang='lat' dir='ltr'>nat.</span> <span class='ocrx_word' id='word_1_163' title='bbox 1061 1764 1101 1806; x_wconf 89' lang='lat' dir='ltr'>V</span> <span class='ocrx_word' id='word_1_164' title='bbox 1122 1765 1166 1806; x_wconf 83' lang='lat'>5:</span> <span class='ocrx_word' id='word_1_165' title='bbox 1193 1763 1258 1806; x_wconf 92' lang='lat' dir='ltr'>De</span> <span class='ocrx_word' id='word_1_166' title='bbox 1285 1752 1626 1807; x_wconf 86' lang='lat' dir='ltr'>conformatione</span> <span class='ocrx_word' id='word_1_167' title='bbox 1654 1767 1798 1806; x_wconf 88' lang='lat' dir='ltr'>autem</span> <span class='ocrx_word' id='word_1_168' title='bbox 1824 1768 1976 1820; x_wconf 89' lang='lat' dir='ltr'>partus</span> 
     </span>
     <span class='ocr_line' id='line_1_25' title="bbox 409 1835 1977 1890; baseline 0.001 -13"><span class='ocrx_word' id='word_1_169' title='bbox 409 1836 545 1877; x_wconf 90' lang='lat' dir='ltr'>nihilo</span> <span class='ocrx_word' id='word_1_170' title='bbox 586 1836 727 1877; x_wconf 89' lang='lat' dir='ltr'>minus</span> <span class='ocrx_word' id='word_1_171' title='bbox 768 1836 942 1877; x_wconf 85' lang='lat' dir='ltr'>definite</span> <span class='ocrx_word' id='word_1_172' title='bbox 985 1850 1029 1877; x_wconf 93' lang='lat' dir='ltr'>se</span> <span class='ocrx_word' id='word_1_173' title='bbox 1071 1836 1180 1877; x_wconf 86' lang='lat' dir='ltr'>scire</span> <span class='ocrx_word' id='word_1_174' title='bbox 1220 1835 1426 1877; x_wconf 79' lang='lat' dir='ltr'>Alcmaeo</span> <span class='ocrx_word' id='word_1_175' title='bbox 1469 1836 1690 1878; x_wconf 90' lang='lat' dir='ltr'>confessus</span> <span class='ocrx_word' id='word_1_176' title='bbox 1729 1838 1813 1890; x_wconf 87' lang='lat' dir='ltr'>est,</span> <span class='ocrx_word' id='word_1_177' title='bbox 1856 1838 1977 1878; x_wconf 90' lang='lat' dir='ltr'>ratus</span> 
     </span>
     <span class='ocr_line' id='line_1_26' title="bbox 415 1906 1974 1962; baseline 0 -14"><span class='ocrx_word' id='word_1_178' title='bbox 415 1907 632 1949; x_wconf 89' lang='lat' dir='ltr'>neminem</span> <span class='ocrx_word' id='word_1_179' title='bbox 659 1922 785 1962; x_wconf 88' lang='lat' dir='ltr'>posse</span> <span class='ocrx_word' id='word_1_180' title='bbox 812 1907 1066 1962; x_wconf 84' lang='lat' dir='ltr'>perspicere,</span> <span class='ocrx_word' id='word_1_181' title='bbox 1095 1907 1194 1961; x_wconf 86' lang='lat' dir='ltr'>quid</span> <span class='ocrx_word' id='word_1_182' title='bbox 1221 1906 1411 1961; x_wconf 89' lang='lat' dir='ltr'>primum</span> <span class='ocrx_word' id='word_1_183' title='bbox 1437 1907 1482 1948; x_wconf 90' lang='lat' dir='ltr'>in</span> <span class='ocrx_word' id='word_1_184' title='bbox 1501 1907 1666 1949; x_wconf 87' lang='lat' dir='ltr'>infante</span> <span class='ocrx_word' id='word_1_185' title='bbox 1687 1906 1908 1948; x_wconf 87' lang='lat' dir='ltr'>formetur.</span> <span class='ocrx_word' id='word_1_186' title='bbox 1925 1931 1974 1938; x_wconf 92' lang='lat'>—-</span> 
     </span>
    </p>

    <p class='ocr_par' dir='ltr' id='par_1_10' title="bbox 402 1977 1976 2389">
     <span class='ocr_line' id='line_1_27' title="bbox 532 1977 1976 2033; baseline 0 -13"><span class='ocrx_word' id='word_1_187' title='bbox 532 1979 697 2020; x_wconf 85' lang='lat' dir='ltr'>Rursus</span> <span class='ocrx_word' id='word_1_188' title='bbox 718 1978 979 2020; x_wconf 75' lang='lat' dir='ltr'>Plutarchus</span> <span class='ocrx_word' id='word_1_189' title='bbox 1002 1981 1130 2033; x_wconf 88' lang='lat' dir='ltr'>atque</span> <span class='ocrx_word' id='word_1_190' title='bbox 1152 1977 1412 2021; x_wconf 87' lang='lat' dir='ltr'>Censorinus</span> <span class='ocrx_word' id='word_1_191' title='bbox 1434 1979 1707 2020; x_wconf 89' lang='lat' dir='ltr'>dissentiunt.</span> <span class='ocrx_word' id='word_1_192' title='bbox 1752 1978 1816 2020; x_wconf 86' lang='lat' dir='ltr'>Ac</span> <span class='ocrx_word' id='word_1_193' title='bbox 1837 1977 1976 2020; x_wconf 89' lang='lat' dir='ltr'>Diele-</span> 
     </span>
     <span class='ocr_line' id='line_1_28' title="bbox 414 2046 1976 2105; baseline 0.001 -15"><span class='ocrx_word' id='word_1_194' title='bbox 414 2049 504 2091; x_wconf 87' lang='lat' dir='ltr'>sius</span> <span class='ocrx_word' id='word_1_195' title='bbox 532 2050 704 2103; x_wconf 89' lang='lat' dir='ltr'>quidem</span> <span class='ocrx_word' id='word_1_196' title='bbox 730 2049 967 2091; x_wconf 73' lang='lat' dir='ltr'>Plutarcho</span> <span class='ocrx_word' id='word_1_197' title='bbox 1001 2048 1116 2092; x_wconf 85' lang='lat' dir='ltr'>credi</span> <span class='ocrx_word' id='word_1_198' title='bbox 1148 2049 1269 2090; x_wconf 90' lang='lat' dir='ltr'>iubet</span> <span class='ocrx_word' id='word_1_199' title='bbox 1295 2048 1444 2105; x_wconf 93' lang='lat' dir='ltr'>(Proll.</span> <span class='ocrx_word' id='word_1_200' title='bbox 1470 2048 1578 2091; x_wconf 86' lang='lat' dir='ltr'>Dox.</span> <span class='ocrx_word' id='word_1_201' title='bbox 1608 2049 1703 2103; x_wconf 81' lang='lat'>190,</span> <span class='ocrx_word' id='word_1_202' title='bbox 1729 2046 1786 2105; x_wconf 88' lang='lat'>1),</span> <span class='ocrx_word' id='word_1_203' title='bbox 1818 2049 1976 2104; x_wconf 90' lang='lat' dir='ltr'>quippe</span> 
     </span>
     <span class='ocr_line' id='line_1_29' title="bbox 406 2120 1974 2175; baseline 0.001 -14"><span class='ocrx_word' id='word_1_204' title='bbox 406 2120 480 2174; x_wconf 92' lang='lat' dir='ltr'>qui</span> <span class='ocrx_word' id='word_1_205' title='bbox 512 2121 560 2162; x_wconf 90' lang='grc' dir='ltr'>τὸ</span> <span class='ocrx_word' id='word_1_206' title='bbox 592 2120 856 2174; x_wconf 81' lang='grc' dir='ltr'><em>ἡγεμονικὸν</em></span> <span class='ocrx_word' id='word_1_207' title='bbox 895 2120 1027 2175; x_wconf 88' lang='lat' dir='ltr'>capiti</span> <span class='ocrx_word' id='word_1_208' title='bbox 1066 2120 1282 2162; x_wconf 88' lang='lat' dir='ltr'>inclusum</span> <span class='ocrx_word' id='word_1_209' title='bbox 1321 2135 1414 2162; x_wconf 87' lang='lat' dir='ltr'>esse</span> <span class='ocrx_word' id='word_1_210' title='bbox 1453 2135 1549 2162; x_wconf 89' lang='lat' dir='ltr'>cum</span> <span class='ocrx_word' id='word_1_211' title='bbox 1584 2120 1845 2162; x_wconf 86' lang='lat' dir='ltr'>Alcmaeone</span> <span class='ocrx_word' id='word_1_212' title='bbox 1878 2135 1974 2162; x_wconf 91' lang='lat' dir='ltr'>con-</span> 
     </span>
     <span class='ocr_line' id='line_1_30' title="bbox 406 2189 1970 2246; baseline 0 -14"><span class='ocrx_word' id='word_1_213' title='bbox 406 2191 582 2245; x_wconf 70' lang='lat' dir='ltr'>sentiat,</span> <span class='ocrx_word' id='word_1_214' title='bbox 624 2190 837 2233; x_wconf 81' lang='lat' dir='ltr'>Sanderus</span> <span class='ocrx_word' id='word_1_215' title='bbox 872 2190 1122 2246; x_wconf 88' lang='lat' dir='ltr'>Censorino,</span> <span class='ocrx_word' id='word_1_216' title='bbox 1155 2205 1251 2233; x_wconf 87' lang='lat' dir='ltr'>cum</span> <span class='ocrx_word' id='word_1_217' title='bbox 1285 2191 1422 2233; x_wconf 89' lang='lat' dir='ltr'>eidem</span> <span class='ocrx_word' id='word_1_218' title='bbox 1454 2191 1586 2233; x_wconf 85' lang='lat' dir='ltr'>verbo</span> <span class='ocrx_word' id='word_1_219' title='bbox 1619 2189 1805 2243; x_wconf 83' lang='lat' dir='ltr'>diffidat,</span> <span class='ocrx_word' id='word_1_220' title='bbox 1840 2205 1970 2245; x_wconf 86' lang='lat' dir='ltr'>quam</span> 
     </span>
     <span class='ocr_line' id='line_1_31' title="bbox 405 2261 1969 2317; baseline -0.001 -14"><span class='ocrx_word' id='word_1_221' title='bbox 405 2265 549 2303; x_wconf 89' lang='lat' dir='ltr'>tamen</span> <span class='ocrx_word' id='word_1_222' title='bbox 583 2262 871 2317; x_wconf 87' lang='lat' dir='ltr'>suspicionem</span> <span class='ocrx_word' id='word_1_223' title='bbox 903 2277 989 2304; x_wconf 89' lang='lat' dir='ltr'>non</span> <span class='ocrx_word' id='word_1_224' title='bbox 1021 2263 1073 2304; x_wconf 86' lang='lat' dir='ltr'>ad</span> <span class='ocrx_word' id='word_1_225' title='bbox 1099 2262 1239 2317; x_wconf 85' lang='lat' dir='ltr'>ipsam</span> <span class='ocrx_word' id='word_1_226' title='bbox 1267 2276 1370 2316; x_wconf 92' lang='lat' dir='ltr'>rem,</span> <span class='ocrx_word' id='word_1_227' title='bbox 1403 2262 1476 2303; x_wconf 92' lang='lat' dir='ltr'>sed</span> <span class='ocrx_word' id='word_1_228' title='bbox 1509 2262 1562 2303; x_wconf 84' lang='lat' dir='ltr'>ad</span> <span class='ocrx_word' id='word_1_229' title='bbox 1591 2261 1769 2303; x_wconf 85' lang='lat' dir='ltr'>verbum</span> <span class='ocrx_word' id='word_1_230' title='bbox 1797 2264 1969 2303; x_wconf 88' lang='lat' dir='ltr'>tantum</span> 
     </span>
     <span class='ocr_line' id='line_1_32' title="bbox 402 2332 1056 2389; baseline 0.002 -15"><span class='ocrx_word' id='word_1_231' title='bbox 402 2333 616 2387; x_wconf 85' lang='lat' dir='ltr'>pertinere</span> <span class='ocrx_word' id='word_1_232' title='bbox 648 2347 742 2389; x_wconf 85' lang='lat' dir='ltr'>pag.</span> <span class='ocrx_word' id='word_1_233' title='bbox 769 2332 826 2375; x_wconf 85' lang='lat'>50</span> <span class='ocrx_word' id='word_1_234' title='bbox 859 2333 1056 2375; x_wconf 89' lang='lat' dir='ltr'>diximus.</span> 
     </span>
    </p>

    <p class='ocr_par' dir='ltr' id='par_1_11' title="bbox 402 2415 1961 2685">
     <span class='ocr_line' id='line_1_33' title="bbox 522 2415 1960 2464; baseline 0.002 -8"><span class='ocrx_word' id='word_1_235' title='bbox 522 2415 614 2464; x_wconf 81' lang='lat' dir='ltr'>Qua</span> <span class='ocrx_word' id='word_1_236' title='bbox 670 2416 714 2456; x_wconf 92' lang='lat' dir='ltr'>in</span> <span class='ocrx_word' id='word_1_237' title='bbox 764 2416 1057 2458; x_wconf 82' lang='lat' dir='ltr'>controversia</span> <span class='ocrx_word' id='word_1_238' title='bbox 1106 2415 1384 2457; x_wconf 88' lang='lat' dir='ltr'>haerentibus</span> <span class='ocrx_word' id='word_1_239' title='bbox 1436 2416 1649 2457; x_wconf 82' lang='lat' dir='ltr'>succurrit</span> <span class='ocrx_word' id='word_1_240' title='bbox 1698 2415 1960 2459; x_wconf 88' lang='lat' dir='ltr'>Censorinus</span> 
     </span>
     <span class='ocr_line' id='line_1_34' title="bbox 402 2485 1961 2543; baseline 0.002 -16"><span class='ocrx_word' id='word_1_241' title='bbox 402 2485 549 2541; x_wconf 67' lang='lat' dir='ltr'>‘non2&#39;)</span> <span class='ocrx_word' id='word_1_242' title='bbox 600 2486 818 2528; x_wconf 88' lang='lat' dir='ltr'>definite</span> <span class='ocrx_word' id='word_1_243' title='bbox 869 2501 914 2528; x_wconf 88' lang='lat' dir='ltr'>se</span> <span class='ocrx_word' id='word_1_244' title='bbox 959 2486 1087 2529; x_wconf 89' lang='lat' dir='ltr'>scire&#39;</span> <span class='ocrx_word' id='word_1_245' title='bbox 1133 2487 1438 2529; x_wconf 86' lang='lat' dir='ltr'>Alcmaeonem</span> <span class='ocrx_word' id='word_1_246' title='bbox 1488 2487 1737 2541; x_wconf 89' lang='lat' dir='ltr'>loquentem</span> <span class='ocrx_word' id='word_1_247' title='bbox 1784 2487 1961 2543; x_wconf 86' lang='lat' dir='ltr'>faciens,</span> 
     </span>
     <span class='ocr_line' id='line_1_35' title="bbox 403 2556 1960 2613; baseline 0.003 -16"><span class='ocrx_word' id='word_1_248' title='bbox 403 2558 558 2611; x_wconf 86' lang='lat' dir='ltr'>quibus</span> <span class='ocrx_word' id='word_1_249' title='bbox 591 2573 611 2599; x_wconf 88' lang='lat' dir='ltr'>e</span> <span class='ocrx_word' id='word_1_250' title='bbox 644 2558 822 2600; x_wconf 86' lang='lat' dir='ltr'>vocibus</span> <span class='ocrx_word' id='word_1_251' title='bbox 850 2556 1128 2600; x_wconf 85' lang='lat' dir='ltr'>Crotoniatae</span> <span class='ocrx_word' id='word_1_252' title='bbox 1162 2558 1407 2613; x_wconf 90' lang='lat' dir='ltr'>opinionem</span> <span class='ocrx_word' id='word_1_253' title='bbox 1441 2558 1503 2599; x_wconf 87' lang='lat' dir='ltr'>sic</span> <span class='ocrx_word' id='word_1_254' title='bbox 1528 2558 1732 2600; x_wconf 90' lang='lat' dir='ltr'>facillime</span> <span class='ocrx_word' id='word_1_255' title='bbox 1761 2559 1960 2602; x_wconf 90' lang='lat' dir='ltr'>restitue-</span> 
     </span>
     <span class='ocr_line' id='line_1_36' title="bbox 403 2628 1959 2685; baseline 0.002 -16"><span class='ocrx_word' id='word_1_256' title='bbox 403 2644 514 2669; x_wconf 88' lang='lat' dir='ltr'>mus:</span> <span class='ocrx_word' id='word_1_257' title='bbox 541 2628 669 2677; x_wconf 74' lang='lat' dir='ltr'>‘Quid</span> <span class='ocrx_word' id='word_1_258' title='bbox 695 2629 883 2683; x_wconf 86' lang='lat' dir='ltr'>primum</span> <span class='ocrx_word' id='word_1_259' title='bbox 909 2629 954 2670; x_wconf 92' lang='lat' dir='ltr'>in</span> <span class='ocrx_word' id='word_1_260' title='bbox 980 2629 1144 2671; x_wconf 85' lang='lat' dir='ltr'>infante</span> <span class='ocrx_word' id='word_1_261' title='bbox 1171 2629 1394 2685; x_wconf 90' lang='lat' dir='ltr'>formetur,</span> <span class='ocrx_word' id='word_1_262' title='bbox 1420 2629 1594 2671; x_wconf 87' lang='lat' dir='ltr'>definite</span> <span class='ocrx_word' id='word_1_263' title='bbox 1613 2644 1740 2672; x_wconf 89' lang='lat' dir='ltr'>nemo</span> <span class='ocrx_word' id='word_1_264' title='bbox 1761 2630 1959 2672; x_wconf 86' lang='lat' dir='ltr'>mortalis</span> 
     </span>
    </p>
   </div>
   <div class='ocr_carea' id='block_1_8' title="bbox 524 2757 1957 2804">
    <p class='ocr_par' dir='ltr' id='par_1_12' title="bbox 524 2757 1957 2804">
     <span class='ocr_line' id='line_1_37' title="bbox 524 2757 1957 2804; baseline 0.003 -13"><span class='ocrx_word' id='word_1_265' title='bbox 524 2766 554 2799; x_wconf 84' lang='grc'>1)</span> <span class='ocrx_word' id='word_1_266' title='bbox 576 2758 702 2792; x_wconf 66' lang='lat' dir='ltr'>Aetius</span> <span class='ocrx_word' id='word_1_267' title='bbox 722 2757 857 2792; x_wconf 78' lang='lat' dir='ltr'>vixisse</span> <span class='ocrx_word' id='word_1_268' title='bbox 878 2757 1064 2803; x_wconf 82' lang='lat' dir='ltr'>putandus</span> <span class='ocrx_word' id='word_1_269' title='bbox 1079 2759 1135 2792; x_wconf 87' lang='lat' dir='ltr'>est</span> <span class='ocrx_word' id='word_1_270' title='bbox 1154 2760 1309 2794; x_wconf 86' lang='lat' dir='ltr'>exeunte</span> <span class='ocrx_word' id='word_1_271' title='bbox 1324 2758 1455 2803; x_wconf 87' lang='lat' dir='ltr'>primo,</span> <span class='ocrx_word' id='word_1_272' title='bbox 1475 2758 1626 2794; x_wconf 86' lang='lat' dir='ltr'>ineunte</span> <span class='ocrx_word' id='word_1_273' title='bbox 1646 2758 1764 2794; x_wconf 84' lang='lat' dir='ltr'>altero</span> <span class='ocrx_word' id='word_1_274' title='bbox 1779 2770 1814 2804; x_wconf 89' lang='lat' dir='ltr'>p.</span> <span class='ocrx_word' id='word_1_275' title='bbox 1828 2758 1910 2795; x_wconf 88' lang='lat' dir='ltr'>Chr.</span> <span class='ocrx_word' id='word_1_276' title='bbox 1922 2770 1957 2796; x_wconf 92' lang='lat' dir='ltr'>n.</span> 
     </span>
    </p>
   </div>
   <div class='ocr_carea' id='block_1_9' title="bbox 402 2816 1955 2921">
    <p class='ocr_par' dir='ltr' id='par_1_13' title="bbox 402 2816 1955 2921">
     <span class='ocr_line' id='line_1_38' title="bbox 402 2816 1040 2861; baseline 0.005 -12"><span class='ocrx_word' id='word_1_277' title='bbox 402 2817 546 2850; x_wconf 83' lang='lat' dir='ltr'>saeculo</span> <span class='ocrx_word' id='word_1_278' title='bbox 572 2816 685 2859; x_wconf 74' lang='lat' dir='ltr'>(Diels</span> <span class='ocrx_word' id='word_1_279' title='bbox 713 2817 802 2851; x_wconf 84' lang='lat' dir='ltr'>Dox.</span> <span class='ocrx_word' id='word_1_280' title='bbox 830 2820 893 2852; x_wconf 90' lang='lat'>101</span> <span class='ocrx_word' id='word_1_281' title='bbox 924 2818 1040 2861; x_wconf 84' lang='lat' dir='ltr'>extr.).</span> 
     </span>
     <span class='ocr_line' id='line_1_39' title="bbox 520 2875 1955 2921; baseline 0.002 -13"><span class='ocrx_word' id='word_1_282' title='bbox 520 2876 555 2918; x_wconf 74' lang='lat'>2)</span> <span class='ocrx_word' id='word_1_283' title='bbox 582 2875 675 2908; x_wconf 81' lang='lat' dir='ltr'>Nam</span> <span class='ocrx_word' id='word_1_284' title='bbox 695 2875 765 2910; x_wconf 85' lang='lat' dir='ltr'>hoc</span> <span class='ocrx_word' id='word_1_285' title='bbox 786 2875 854 2910; x_wconf 86' lang='lat' dir='ltr'>sibi</span> <span class='ocrx_word' id='word_1_286' title='bbox 875 2876 956 2911; x_wconf 73' lang='lat' dir='ltr'>vult</span> <span class='ocrx_word' id='word_1_287' title='bbox 974 2875 1068 2910; x_wconf 85' lang='lat' dir='ltr'>illud</span> <span class='ocrx_word' id='word_1_288' title='bbox 1090 2876 1226 2912; x_wconf 89' lang='lat' dir='ltr'>‘nihilo</span> <span class='ocrx_word' id='word_1_289' title='bbox 1252 2876 1413 2921; x_wconf 77' lang='lat' dir='ltr'>minus&#39;3</span> <span class='ocrx_word' id='word_1_290' title='bbox 1441 2877 1486 2913; x_wconf 88' lang='lat' dir='ltr'>ef.</span> <span class='ocrx_word' id='word_1_291' title='bbox 1506 2877 1626 2913; x_wconf 84' lang='lat' dir='ltr'>Iahnii</span> <span class='ocrx_word' id='word_1_292' title='bbox 1651 2878 1749 2912; x_wconf 83' lang='lat' dir='ltr'>hunc</span> <span class='ocrx_word' id='word_1_293' title='bbox 1768 2876 1817 2911; x_wconf 81' lang='lat' dir='ltr'>ad</span> <span class='ocrx_word' id='word_1_294' title='bbox 1836 2876 1955 2912; x_wconf 87' lang='lat' dir='ltr'>locum</span> 
     </span>
    </p>
   </div>
   <div class='ocr_carea' id='block_1_10' title="bbox 400 2934 686 2969">
    <p class='ocr_par' dir='ltr' id='par_1_14' title="bbox 400 2934 686 2969">
     <span class='ocr_line' id='line_1_40' title="bbox 400 2934 686 2969; baseline 0 -1"><span class='ocrx_word' id='word_1_295' title='bbox 400 2934 686 2969; x_wconf 75' lang='lat' dir='ltr'>annotationem.</span> 
     </span>
    </p>
   </div>
   <div class='ocr_carea' id='block_1_11' title="bbox 2070 0 2125 3439">
    <p class='ocr_par' dir='ltr' id='par_1_15' title="bbox 2070 0 2125 3439">
     <span class='ocr_line' id='line_1_41' title="bbox 2070 0 2125 3439; baseline 0 0"><span class='ocrx_word' id='word_1_296' title='bbox 2070 0 2125 3439; x_wconf 95' lang='lat' dir='ltr'> </span> 
     </span>
    </p>
   </div>
  </div>
 </body>
</html>
