2125 3439
791 246 1078 287 —97-

159 353 252 392 tum
283 351 328 392 in
360 350 582 393 Menoneis
615 352 826 406 excerptis
865 351 978 393 haud
1011 366 1146 406 pauca
1177 355 1349 394 exstant
1387 352 1437 393 do
1472 353 1719 394 morborum

162 422 329 477 origine
368 422 545 476 placita,
589 425 734 463 tamen
780 422 881 475 quid
925 423 1218 477 unusquisque
1260 424 1447 465 medicus
1492 438 1541 464 ex
1586 423 1721 477 ipsius

159 492 434 534 Alcmaeonis
454 492 566 533 libro
587 492 794 546 hauserit,
814 493 1046 533 monstrari
1070 508 1193 546 posse
1215 494 1404 548 despero.
1452 493 1533 534 Per
1559 493 1721 548 species

160 566 305 604 autem
337 577 409 604 eos
442 562 629 603 dividere
663 563 697 602 si
730 561 841 611 licet,
877 563 1115 616 compluria
1146 564 1331 604 evadunt
1364 564 1626 606 medicorum
1655 578 1723 619 ge-

159 647 282 687 nera,
321 647 429 687 quae
469 634 734 686 quantopere
764 631 1072 674 Alcmaeonem
1112 633 1282 674 imitata
1315 634 1419 688 sint,
1459 638 1722 689 quantopere

159 703 213 744 ab
246 717 296 744 eo
329 702 540 756 recedant,
573 702 699 744 facile
736 706 871 757 patet.

279 773 412 815 Primi
446 772 769 815 accuratissime
802 772 1107 815 Alcmaeonem
1147 775 1282 815 secuti
1322 778 1364 815 et
1401 776 1483 829 ipsi
1524 790 1722 817 sucorum

161 844 483 886 multitudinem
521 843 706 899 professi
746 847 864 898 sunt,
903 847 1111 898 quantum
1149 845 1366 898 novimus,
1407 845 1723 899 Eryximachus

162 914 413 957 Platonicus
441 913 558 971 (pag.
588 916 662 970 79)
689 918 818 969 atque
845 918 996 957 auctor
1021 915 1071 956 de
1098 915 1241 970 prisca
1267 916 1478 957 medicina
1504 914 1621 971 (pag.
1650 915 1724 972 80)

160 986 317 1041 quique
350 1001 447 1027 eum
480 986 742 1040 praecedunt
773 984 840 1042 (οἱ
867 985 1081 1041 παλαιοί),
1114 987 1227 1027 inter
1254 1001 1360 1041 quos
1387 987 1531 1028 nescio
1566 1002 1618 1027 an
1653 987 1723 1027 ha-

159 1057 323 1098 bendus
350 1058 408 1098 sit
434 1056 716 1111 Empedocles
744 1055 860 1112 (pag.
890 1055 978 1113 78).
1032 1056 1179 1098 Etiam
1207 1057 1403 1098 Platonis
1438 1058 1503 1099 vel
1532 1056 1724 1099 Socratis

159 1128 427 1183 temporibus
471 1127 550 1168 hos
596 1128 784 1169 medicos
835 1128 1032 1169 floruisse
1079 1127 1249 1182 Lysidis
1296 1143 1464 1183 quoque
1510 1128 1724 1170 Platonici

159 1212 258 1254 pag.
288 1199 431 1240 215E
464 1213 543 1240 nos
576 1199 701 1240 docet
739 1197 856 1254 (pag.
884 1200 972 1253 80).
1035 1198 1116 1246 Qui
1156 1213 1303 1240 omnes
1343 1199 1559 1253 simplices
1600 1213 1725 1240 sucos

159 1272 209 1310 ut
241 1284 266 1310 a
296 1269 458 1324 plantis
491 1284 512 1310 e
546 1269 651 1322 solo,
683 1269 745 1310 ita
778 1270 831 1310 ab
864 1269 1110 1313 hominibus
1144 1284 1165 1310 e
1199 1269 1306 1311 cibis
1339 1269 1506 1311 extrahi
1540 1284 1723 1323 semper-

161 1353 241 1394 que
272 1339 524 1381 hominibus
562 1340 702 1381 inesse
740 1354 878 1394 neque
919 1340 1154 1394 quidquam
1192 1355 1345 1382 nocere
1385 1340 1467 1381 nisi
1500 1339 1726 1381 harmonia

161 1411 337 1452 turbata
370 1426 466 1453 cum
500 1410 761 1453 Alcmaeone
795 1411 984 1452 credunt.

279 1481 370 1523 Iam
409 1482 565 1536 reliqui
598 1481 752 1523 medici
791 1482 971 1536 excoqui
1012 1482 1165 1535 quovis
1205 1482 1331 1523 modo
1370 1485 1525 1536 putant
1563 1496 1583 1522 e
1618 1482 1724 1523 cibis

161 1568 395 1608 eorumque
423 1553 535 1595 sucis
562 1553 834 1607 simplicibus
861 1553 1063 1594 humores
1091 1553 1300 1606 quosdam
1323 1553 1547 1594 hominum
1569 1553 1726 1593 bestia-

163 1638 343 1678 rumque
375 1624 587 1678 proprios‚
619 1639 644 1665 a
670 1624 829 1678 plantis
856 1626 1000 1665 autem
1027 1622 1246 1679 alienosl),
1279 1623 1368 1665 scil.
1395 1622 1566 1678 φλέγμα
1592 1623 1726 1678 χολήν

160 1698 258 1749 etc.,
298 1710 481 1749 quorum
519 1694 638 1736 varia
670 1694 944 1750 distinguunt
982 1692 1196 1750 generafl)
1259 1693 1341 1742 Qui
1375 1709 1522 1735 omnes
1561 1697 1725 1736 certum

159 1766 391 1808 humorum
422 1781 661 1820 numerum,
693 1766 759 1807 vel
786 1766 869 1807 duo
905 1766 968 1806 vel
997 1768 1084 1806 tres
1119 1765 1183 1806 vel
1213 1768 1431 1819 quattuor,
1464 1765 1516 1805 ad
1550 1764 1724 1805 morbos

161 1837 410 1880 efficiendos
443 1837 584 1879 valere
618 1839 785 1891 putant.
850 1835 992 1890 Atque
1024 1836 1159 1891 χολὴν
1196 1839 1239 1877 et
1271 1835 1443 1890 φλέγμα
1476 1835 1726 1876 morborum

162 1923 313 1950 causas
346 1909 496 1950 dicunt
528 1911 726 1950 auctores
759 1908 809 1949 de
843 1908 1006 1949 morbis
1034 1907 1052 1947 I
1079 1906 1131 1962 (c.
1160 1908 1186 1948 2
1213 1927 1267 1941 =
1295 1906 1355 1947 VI
1387 1907 1482 1959 142,
1512 1907 1564 1948 13
1592 1904 1658 1962 L.)
1686 1910 1727 1947 et

161 1980 211 2021 de
239 1979 463 2021 affectibus
488 1977 540 2035 (c.
568 1981 586 2020 1
614 1999 667 2012 =
690 1978 751 2019 VI
773 1979 870 2033 208,
894 1977 937 2034 7)
964 1993 1041 2020 nec
1067 1993 1153 2020 non
1180 1994 1229 2020 ex
1256 1977 1478 2020 Menoneis
1506 1977 1727 2032 Dexippus

161 2048 260 2106 (col.
280 2050 365 2091 XII
387 2050 451 2105 9);
478 2051 613 2105 χολὴν
639 2053 812 2104 φλέγμα
838 2044 944 2104 αἷμα
965 2048 1185 2090 Philolaus
1207 2047 1396 2104 (Menon.
1419 2049 1497 2090 col.
1513 2047 1661 2089 XVIII
1679 2046 1726 2102 9)

161 2124 205 2162 et
237 2123 388 2163 auctor
419 2119 488 2176 (ut
519 2119 710 2176 videtur)
743 2121 792 2161 de
822 2120 1021 2161 hebdom.
1052 2120 1106 2174 (c.
1134 2121 1189 2162 52
1217 2140 1271 2153 =
1300 2119 1407 2160 VIII
1436 2120 1558 2173 672),
1591 2119 1728 2173 χολὴν

162 2190 335 2246 φλέγμα
354 2186 460 2246 αἷμα
480 2192 602 2246 ὕδωρ
625 2191 711 2245 (vel
731 2190 908 2245 ὕδρωψ)
930 2191 980 2232 de
1002 2191 1165 2232 morbis
1181 2190 1243 2231 ]V
1258 2190 1312 2234 (c.
1327 2192 1382 2232 32
1399 2211 1454 2224 =
1472 2190 1550 2231 VII
1569 2189 1667 2243 542,
1682 2188 1727 2244 (ἱ)

283 2334 318 2377 1)
362 2332 494 2376 Itaque
533 2333 661 2366 horum
708 2331 747 2365 in
785 2331 888 2366 libris
927 2342 1009 2365 raro
1048 2331 1089 2365 fit
1132 2331 1271 2365 mentio
1317 2329 1539 2374 qualitatum
1578 2328 1725 2363 illarum

165 2391 553 2426 Alcmaeonianarum:
587 2391 631 2426 de
664 2391 739 2426 flat.
767 2401 795 2425 c.
826 2394 870 2424 10
896 2390 959 2433 (VI
990 2393 1066 2433 106,
1093 2393 1114 2423 4
1140 2389 1195 2433 L.)
1228 2387 1373 2434 φλέγμα
1405 2386 1548 2432 ὃριμέσι
1582 2392 1728 2432 χινμοῑσι

163 2448 406 2495 μεμιγμένον;
433 2450 477 2485 de
504 2449 604 2484 alim.
632 2461 661 2485 c.
684 2454 728 2484 25
755 2450 818 2495 (IX
847 2453 932 2492 106,
955 2452 997 2483 12
1022 2450 1077 2492 L.)
1104 2446 1143 2483 ἐν
1171 2447 1369 2493 φλέγματι,
1397 2444 1437 2482 ἐν
1464 2449 1570 2492 χολῇ,
1598 2443 1638 2481 ἐν
1665 2460 1728 2491 χυ-

164 2514 306 2554 μοῖσιν;
327 2509 372 2543 de
393 2509 564 2544 hebdom.
581 2520 611 2544 c.
628 2509 868 2553 10(V111638
890 2510 994 2552 extr.)
1019 2509 1224 2549 ‘humore-1,
1246 2506 1407 2552 sanguis,
1430 2506 1553 2541 colera
1573 2506 1726 2541 amara’.

165 2569 274 2603 Plato
299 2568 409 2613 (Tim.
430 2571 474 2602 82
490 2567 533 2612 Ε)
556 2567 773 2611 sanguinem
800 2566 1007 2612 πικρότησι,
1036 2566 1087 2601 ἔτι
1109 2565 1148 2601 δὲ
1172 2567 1310 2609 ὀξείαις
1329 2565 1393 2600 καὶ
1413 2564 1593 2610 ἁλμνραῖς
1612 2563 1727 2599 δυνά-

164 2638 269 2672 μεσιν
294 2626 577 2672 ποικιλλόμενον
603 2637 683 2662 esse
709 2627 810 2662 dicit.

286 2688 322 2730 2)
348 2686 456 2722 Plato
477 2687 572 2721 Tim.
593 2689 638 2721 83
660 2685 686 2720 C
712 2685 757 2720 de
784 2684 929 2720 colerae
955 2685 1151 2730 generibus
1177 2684 1398 2729 quibusdam
1426 2683 1572 2719 locutus
1598 2683 1661 2718 καὶ
1687 2683 1727 2718 τὸ

166 2743 233 2790 μὲν
269 2745 397 2780 κοινὸν
430 2744 548 2790 ὄνομα
580 2750 670 2779 πᾶσι
702 2745 845 2784 τούτοις
879 2743 902 2787 ἥ
934 2757 1031 2784 τινες
1063 2742 1199 2788 ἰατρῶν
1230 2756 1303 2778 που
1337 2742 1448 2788 χολὴν
1482 2738 1728 2787 ἐπωνόμασαν

166 2802 187 2847 ἢ
215 2805 283 2838 καί
309 2817 363 2844 τις
396 2802 447 2839 ὢν
480 2804 639 2844 δυνατὸς
672 2802 724 2843 εἰς
754 2803 871 2838 πολλὰ
903 2801 970 2847 μὲν
1002 2802 1066 2837 καὶ
1098 2801 1258 2848 ἀνόμοια
1292 2800 1458 2848 βλέπειν,
1491 2800 1583 2846 ὁρᾶν
1617 2800 1657 2836 δὲ
1689 2798 1729 2836 ἕν

166 2863 292 2903 αὐτοῖς
315 2861 359 2897 ’ἐν
385 2861 492 2908 γένος
517 2860 604 2898 ἐνὸν
624 2863 731 2905 ἄξιον
753 2859 965 2907 ἐπωνυμίας
983 2867 1108 2896 πᾶσιν.
1148 2861 1200 2896 Cf.
1222 2862 1332 2906 Hipp.
1355 2861 1388 2896 d.
1409 2860 1529 2895 affeet.
1550 2860 1616 2896 int.
1638 2872 1665 2895 c.
1684 2864 1730 2894 20

166 2920 248 2965 (Vll
274 2924 361 2965 214,
390 2924 464 2965 18):
495 2921 582 2966 περὶ
615 2926 679 2956 τοῦ
706 2919 914 2966 φλέγματος
945 2920 1010 2961 τὰς
1036 2920 1150 2961 αὐτὰς
1175 2921 1323 2965 γνώμας
1354 2918 1442 2964 ἔχω,
1475 2918 1520 2959 ἃς
1551 2919 1613 2953 καὶ
1645 2919 1730 2963 περὶ

166 2983 285 3026 χολῆς,
313 2978 416 3021 ἰδέας
442 2981 556 3015 αὐτοῦ
581 2980 719 3020 πολλὰς
745 2978 853 3015 εἶναι.

237 3045 446 3078 Wachtlcr,
470 3047 507 3073 do
529 3047 712 3072 Alcmaeone
733 3046 919 3071 ('rotonintn.
1425 3040 1442 3070 7
