2125 3439
1050 235 1106 242 -
1168 212 1222 250 ι’)(ἶ
1285 233 1343 239 -

541 323 702 363 Lassrt.
731 320 873 374 Diog.
901 317 1007 359 VIII
1041 317 1113 358 83:
1153 317 1235 370 ἔφη
1269 312 1317 357 δὲ
1356 313 1427 356 καὶ
1459 315 1538 368 τὴν
1570 314 1716 370 ψυχὴν
1752 313 1978 358 ἀθάνατον

423 394 493 436 καὶ
525 394 745 433 κινεῖσθαι
777 389 914 441 αὐτὴν
947 393 1141 440 συνεχῶς
1172 385 1230 435 ὡς
1260 386 1337 428 τὸν
1368 386 1508 439 ἥλιον.

542 472 719 514 Cicero
753 471 790 512 d.
822 472 922 510 nat.
957 469 1087 509 deor.
1120 466 1140 508 I
1169 467 1240 508 ll:
1279 466 1553 509 Crotoniasses
1587 471 1731 510 autem
1762 468 1981 524 Alcmaeo,

424 546 495 599 qui
540 543 620 585 soli
667 545 708 583 et
752 541 875 581 lunae
926 538 1189 594 reliquisque
1235 537 1446 580 sideribus
1499 539 1698 581 omnibus
1750 540 1978 595 animoque

422 618 641 671 praeberea
673 611 944 653 divinitatem
976 608 1110 664 dedib,
1148 623 1235 650 non
1267 609 1402 651 sensit
1433 624 1525 652 sese
1561 609 1818 652 mortalibus
1851 611 1978 653 rebus

423 684 795 728 immortalitatem
828 682 937 723 dare.

540 756 768 798 Clemens
808 751 1076 794 Alexandr.
1116 750 1370 805 Protrept.
1409 751 1448 792 V
1483 752 1556 793 66:
1602 751 1625 793 ὁ
1670 752 1820 807 γάρτοι
1867 755 1981 808 Κρο-

422 827 630 880 τωνιάτης
659 825 903 878 Ἀλκμαίων
939 823 1075 871 θεοὺς
1115 820 1224 878 ᾠέτο
1262 823 1364 871 τοὺς
1395 820 1576 878 ἀστέρας
1613 820 1727 865 εἶναι
1760 823 1983 880 ἐμψύχους

423 901 559 948 ὄντας.
1699 922 1702 926 .

540 968 766 1010 Βοῦιίῑιῑε
800 965 928 1020 apud
954 964 1234 1006 Eusebium
1267 978 1494 1018 praepar.
1527 978 1594 1005 ev.
1621 964 1682 1005 XI
1710 965 1784 1007 28:
1817 965 1840 1008 ὁ
1868 968 1983 1021 Κρο-

427 1040 636 1093 τωνιάτης
667 1038 850 1093 φυσικὸς
877 1034 949 1092 (ef.
975 1032 1283 1090 Themistium)
1311 1030 1430 1076 εἶπεν
1457 1034 1683 1078 ἀθάνατον
1709 1035 1846 1090 αὐτὴν
1873 1035 1984 1093 (scil.

424 1113 501 1166 τὴν
530 1107 691 1165 ψυχὴν)
719 1105 857 1150 οὖσαν
889 1105 960 1148 καὶ
991 1112 1135 1148 πᾶσαν
1162 1106 1346 1160 ἠρεμίαν
1375 1105 1506 1160 φύσει
1539 1106 1723 1160 φεύγειν
1755 1108 1900 1163 ὥσπερ
1932 1108 1984 1149 τὰ

423 1188 524 1224 θεῖα
556 1188 642 1223 τῶν
676 1179 900 1234 σωμάτων.
933 1202 987 1206 —

541 1252 756 1294 Aristot.
797 1251 852 1291 de
892 1264 964 1290 an.
1002 1247 1094 1303 12,
1125 1247 1214 1290 404
1246 1262 1270 1289 a
1303 1249 1376 1290 20:
1415 1246 1485 1290 ε’πὶ
1521 1248 1652 1290 ταύτὸ
1691 1247 1739 1291 δὲ
1776 1249 1986 1305 φέρονται

425 1323 495 1365 καὶ
539 1323 633 1365 ὅσοι
680 1321 857 1375 λέγουσι
900 1321 979 1374 τὴν
1024 1320 1171 1375 ψυχὴν
1222 1319 1269 1361 τὸ
1314 1319 1421 1361 αὑτὸ
1468 1325 1641 1362 κινοῦν·
1693 1319 1858 1362 ἐοίκασι
1902 1322 1986 1376 γὰρ

425 1393 546 1437 οὗτοι
590 1393 748 1442 πάντες
791 1389 1080 1445 ὑπειληφέναι
1124 1391 1205 1445 τὴν
1243 1393 1418 1445 κίνησιν
1463 1392 1732 1433 οἰκειότατον
1777 1388 1890 1433 εἶναι
1933 1398 1986 1447 τῇ

426 1473 541 1521 ψυχῇ
574 1464 645 1507 καὶ
677 1464 727 1505 τὰ
760 1460 840 1518 μὲν
875 1463 984 1504 ἄλλα
1015 1462 1156 1504 πάντα
1193 1465 1415 1503 κινεῖσθαι
1454 1462 1526 1503 διὰ
1565 1463 1644 1516 τὴν
1681 1463 1850 1517 ψυχήν,
1887 1463 1987 1505 ταύ-

426 1554 503 1591 την
536 1533 575 1578 δ’
611 1534 684 1590 ὑφ’
725 1533 894 1588 ἑαυτῆς,
927 1534 999 1575 διὰ
1031 1534 1079 1575 τὸ
1111 1530 1250 1587 μηὸὲν
1283 1532 1392 1588 ὁρᾶν
1423 1539 1579 1575 κινοῦν
1617 1532 1640 1574 ὃ
1672 1534 1730 1588 μὴ
1768 1531 1841 1575 καὶ
1879 1534 1985 1580 αὐτὸ

426 1616 618 1650 κινεῖται.

547 1689 673 1731 Hune
705 1689 848 1730 locum
881 1688 933 1729 ad
966 1687 1273 1729 Alcmaeonem
1305 1687 1519 1744 pertinere
1552 1688 1817 1729 contendunt

543 1772 865 1826 Philoponus
905 1771 962 1811 ad
994 1770 1020 1811 l.
1047 1770 1073 1811 l.
1108 1769 1223 1825 (pag.
1258 1771 1331 1824 71,
1364 1770 1389 1811 6
1424 1768 1709 1827 Hayduck):
1754 1771 1989 1813 αἰνίττεται

431 1845 492 1893 εἰς
525 1843 742 1885 Πλάτωνα
775 1840 846 1883 καὶ
880 1841 1157 1895 Ξενοκράτην
1192 1839 1264 1882 καὶ
1291 1838 1582 1895 Ἀλκμαίωνα·
1621 1840 1692 1883 καὶ
1731 1839 1854 1883 οὗτοι
1893 1839 1989 1895 οὖν,

428 1916 578 1968 φησίν,
610 1915 878 1955 οἰκειότατον
916 1912 1183 1966 ὑπειλήφασι
1221 1918 1271 1967 τῇ
1304 1918 1420 1967 ψυχῇ
1460 1908 1573 1953 εἶναι
1611 1913 1658 1953 τὸ
1691 1919 1850 1965 κινεῖν,
1890 1911 1983 1955 ἀλλ’

430 1985 577 2039 ἐπειδὴ
612 1985 819 2039 ἐνόμισαν
852 1984 909 2038 μὴ
938 1983 1161 2024 δύνασθαι
1193 1989 1332 2024 κινεῖν
1362 1983 1420 2037 μὴ
1447 1981 1727 2037 κινουμένην,
1760 1984 1990 2040 αὐτοκίνη-

430 2073 504 2097 τον
537 2057 731 2110 εἰρήκασι
763 2056 843 2109 τὴν
875 2055 1031 2109 ψυχήν.

547 2142 588 2180 et
622 2139 693 2193 qui
725 2137 1016 2192 Philoponum
1049 2136 1327 2191 exscripsisse
1361 2135 1530 2177 videtur

549 2220 838 2275 Sophonias
874 2219 967 2276 (11,
999 2219 1054 2261 25
1087 2217 1373 2275 Hayduck):
1419 2217 1487 2260 ἐπὶ
1525 2219 1656 2261 ταύτὸ
1696 2218 1743 2262 δὲ
1782 2219 1990 2275 φέρονται

432 2291 502 2341 καὶ
541 2292 635 2333 ὅσοι
674 2291 851 2345 λέγουσι
893 2292 972 2345 τὴν
1010 2292 1156 2346 ψυχὴν
1197 2292 1245 2332 τὸ
1285 2291 1390 2332 αὑτὸ
1429 2296 1585 2332 κινοῦν
1623 2289 1698 2332 εἴτ’
1744 2288 1825 2333 οὖν
1864 2292 1990 2335 αὐτο-

433 2366 622 2417 κίνητον.
685 2359 772 2403 εἶεν
817 2360 855 2403 δ’
902 2361 955 2403 ἂν
999 2362 1045 2402 οἱ
1084 2360 1182 2416 περὶ
1222 2361 1441 2403 Πλάτωνα
1485 2360 1556 2402 καὶ
1601 2362 1878 2417 Ξενοκράτην
1921 2362 1993 2406 καὶ

430 2432 700 2487 Ἀλκμαίωνα
738 2431 809 2474 καὶ
848 2431 987 2486 ἕτεροι
1025 2438 1111 2473 τῶν
1152 2430 1198 2473 ἐκ
1236 2438 1314 2474 τοῦ
1347 2435 1633 2486 Σωκρατικοῦ
1672 2433 1993 2476 διδασκαλείου.

436 2504 599 2545 ἐοίκασι
631 2505 712 2557 γὰρ
746 2507 788 2544 eb
822 2518 927 2558 quae
961 2506 1200 2557 sequuntur
1231 2518 1364 2557 paene
1393 2503 1445 2544 ad
1472 2504 1650 2545 verbum
1677 2519 1727 2546 ex
1758 2504 1993 2548 Aristotele

435 2575 695 2628 deprompta.
732 2599 788 2603 ——

555 2645 808 2685 Stobacus
847 2644 949 2686 Eel.
982 2645 1120 2699 phys.
1155 2645 1172 2685 Ι
1208 2646 1264 2686 52
1299 2643 1437 2700 (Dox.
1471 2644 1556 2686 386
1589 2645 1616 2685 b
1651 2643 1697 2700 4)
1731 2660 1787 2687 ex
1822 2647 1994 2688 Aetio:

431 2714 672 2768 Ἀλκμαίων
699 2716 836 2768 φύσιν
862 2716 1148 2769 αὐτοκίνητον
1175 2713 1266 2757 κατ’
1299 2714 1445 2758 ἀΐδιον
1471 2717 1645 2770 κίνησιν
1671 2714 1740 2756 καὶ
1767 2717 1839 2758 διὰ
1865 2724 1992 2760 τοῦτο

439 2785 661 2825 ἀθάνατον
695 2786 830 2839 αὐτὴν
862 2785 932 2826 καὶ
965 2793 1246 2841 προσεμφερῆ
1279 2794 1371 2836 τοῖς
1403 2788 1543 2835 θείοις
1575 2786 1886 2841 ὑπολαμβάνει.

555 2865 903 2909 'rheodoretus
937 2884 1033 2910 eur.
1070 2884 1230 2924 graec.
1265 2869 1348 2910 aff.
1382 2870 1408 2911 5
1441 2868 1570 2926 (pag.
1612 2869 1695 2910 195
1729 2869 1904 2926 Gaisf.)
1943 2887 1994 2914 ex

441 2936 587 2978 eodem
624 2936 767 2979 Ai2ti0:
795 2935 980 2992 Ἀλκμὰν
1015 2937 1061 2981 ὁὲ
1095 2940 1383 2995 αὐτοκίνητον
1414 2940 1552 2995 αὐτὴν
1585 2944 1768 2995 εἴρηκεν.
1799 2965 1854 2971 -
