2125 3439
760 220 1053 260 -31—

128 325 324 379 ‘praesto
358 323 472 366 esse’
506 322 578 379 (cf.
609 323 720 365 Plat.
752 324 923 365 Theaet.
956 324 1035 365 198
1059 322 1130 378 D),
1169 324 1230 364 ita
1267 327 1315 364 ut
1355 339 1438 378 qua
1478 324 1528 364 de
1561 338 1692 365 causa

128 395 288 436 librum
319 410 406 436 non
439 393 686 448 inspexerit,
719 393 808 434 sive
843 395 955 448 quod
988 410 1074 435 non
1106 394 1190 435 iam
1220 394 1419 436 exstabat
1452 395 1540 435 sive
1575 395 1687 448 quod

127 466 190 506 illi
230 465 331 520 ipsi,
370 479 494 519 quem
535 464 754 504 hominem
791 463 924 504 fuisse
966 480 1200 518 paucorum
1240 466 1450 506 librorum
1491 465 1690 505 omnibus

55 533 63 539 ”
128 537 301 590 scriptis
328 536 418 576 eius
450 534 673 588 probatur,
706 534 746 574 in
778 537 978 588 promptu
1014 549 1100 575 non
1128 540 1231 590 erat,
1264 536 1387 590 plane
1417 535 1567 576 incerti
1596 535 1692 575 liae-

128 620 310 648 reamus
372 604 511 646 Multo
552 604 690 659 magis
734 607 890 645 notatu
935 605 1134 659 dignum,
1179 607 1291 659 quod
1333 606 1580 660 Simplicius
1628 605 1691 646 vir

128 677 322 718 curiosae
354 675 618 730 diligentiae,
651 675 723 729 qui
751 674 1028 728 antiquorum
1055 675 1414 730 philosophorum
1447 677 1558 717 haud
1591 692 1690 730 pau·

125 745 319 802 σοι-111111)
352 746 476 787 libris
510 746 562 786 ad
590 743 825 800 Stagiritae
860 746 989 787 verba
1019 746 1271 800 explicanda
1304 748 1554 801 saepissime
1588 762 1689 787 usus

124 822 204 873 est,
235 818 286 858 ad
313 817 497 858 Aristot.
523 816 572 857 de
600 831 664 857 au.
691 815 778 857 405
805 831 830 856 a
856 817 910 857 29
939 819 1120 857 annotat
1153 815 1268 872 (pag.
1298 818 1366 870 32,
1387 818 1412 859 3
1441 817 1690 871 Hayduck):

124 888 147 930 ὁ
177 887 420 942 Ἀλκμαίων
455 887 764 941 Κροτωνιάτης
802 887 863 928 ὢν
902 886 986 928 ὑπὸ
1025 885 1105 941 μὲν
1145 888 1292 928 ἄλλων
1325 887 1608 942 (Iamblichos
1645 891 1687 928 et

126 959 390 1014 Porphyrios
418 961 596 1013 tangere
624 956 813 1014 videtur)
842 958 899 1007 ὡς
926 960 1237 1013 Πυθαγόρειος
1263 958 1573 1012 παραδέδοται,
1605 959 1689 999 ὑπὸ

124 1029 164 1071 δ’
193 1028 517 1082 Ἀριστοτέλους
549 1028 597 1070 ἐν
629 1035 679 1084 τῇ
707 1029 832 1070 Μετὰ
864 1029 915 1069 τὰ
947 1030 1111 1083 φυσικὰ
1145 1029 1203 1078 ὡς
1228 1030 1303 1078 τὰς
1329 1030 1410 1071 δύο
1439 1032 1690 1084 συστοιχίας

123 1101 148 1155 ἢ
188 1101 318 1150 αὐτὸς
354 1101 579 1153 παραδοὺς
617 1108 708 1149 τοῖς
747 1102 1076 1153 Πυθαγορείοις
1114 1099 1140 1153 ἢ
1179 1099 1278 1155 παρ’
1325 1100 1504 1141 ἐκείνων
1543 1101 1690 1154 λαβὼν

124 1173 295 1225 μνήμης
326 1171 517 1224 ἠξίωται.
580 1172 718 1212 ἔοικε
751 1169 803 1211 δὲ
837 1171 1021 1224 ἄριστα
1053 1173 1370 1225 φιλοσοφεῖν
1409 1171 1472 1219 ὡς
1509 1170 1561 1211 ἐκ
1594 1178 1691 1211 τῶν

123 1248 220 1283 νῦν
265 1241 562 1295 λεγομένων
607 1243 1002 1295 τεκμαίρεσθαι·
1053 1241 1280 1283 ἀθάνατον
1324 1242 1406 1295 γὰρ
1452 1240 1567 1294 λέγει
1612 1242 1690 1294 τὴν

122 1314 268 1368 ψυχὴν
294 1316 383 1354 κτλ.
429 1312 549 1354 Unde
578 1315 757 1366 apparet
784 1311 880 1353 eum
908 1327 1044 1366 neque
1073 1312 1206 1366 ipsius
1231 1312 1504 1354 Alcmaeonis
1530 1313 1687 1353 librum

122 1399 260 1438 neque
284 1383 533 1424 Aristotelis
559 1384 668 1437 πρὸς
693 1383 743 1424 τὰ
759 1381 1056 1436 Ἀλκμαίωνος
1083 1383 1329 1424 adhibuisse
1356 1398 1493 1437 neque
1515 1383 1689 1424 omniuo

124 1454 364 1496 accuratius
410 1454 460 1495 de
501 1453 756 1495 (lrotoniata
795 1453 996 1495 edoctum
1033 1453 1177 1494 fuisse.
1193 1453 1226 1508 ⁸)
1290 1451 1502 1507 Simplicii
1545 1457 1689 1495 autem

123 1529 246 1566 tanta
281 1525 437 1579 ubique
471 1525 607 1566 elucet
639 1523 853 1565 industria
886 1528 1014 1579 atque
1048 1524 1275 1576 sedulitas,
1312 1527 1360 1565 ut
1392 1525 1479 1565 iam
1513 1525 1689 1579 periisse

123 1596 213 1638 eius
240 1596 508 1651 temporibus
542 1596 797 1650 opusculum
832 1595 937 1636 illud
970 1596 1060 1636 veri
1087 1595 1144 1636 sit
1172 1595 1456 1636 simillimum.
1487 1621 1540 1624 ν*
1567 1596 1688 1643 Quod

122 1681 172 1708 eo
212 1667 352 1722 magis
391 1667 620 1708 dolendum
660 1670 743 1720 est,
783 1667 895 1721 quod
935 1682 986 1707 ne
1026 1667 1190 1721 priores
1229 1666 1402 1721 quidem
1436 1667 1687 1708 Aristotelis

123 1741 488 1780 commentatores
516 1738 751 1792 quidquam
780 1737 829 1778 de
850 1738 1112 1779 Alcmaeone
1140 1741 1410 1792 compertum
1435 1738 1687 1778 habuerunt.

123 1809 299 1850 Etenim
331 1809 596 1850 Themistius
625 1807 696 1864 (ad
723 1808 797 1849 Ar.
826 1810 862 1849 d.
890 1824 955 1849 an.
982 1810 1069 1849 405
1097 1824 1121 1849 a
1148 1810 1216 1862 29,
1244 1808 1282 1849 ΙΙ
1309 1810 1365 1849 24
1393 1809 1455 1850 ed.
1483 1807 1687 1864 Spengel)

123 1884 167 1922 et
190 1881 414 1935 Asclepius
442 1878 514 1936 (ad
542 1880 733 1934 metaph.
755 1880 838 1922 986
867 1895 890 1920 a
917 1881 994 1934 223
1020 1895 1116 1935 pag.
1133 1880 1200 1933 39,
1223 1882 1273 1921 21
1300 1879 1529 1934 Hayduck)
1557 1881 1599 1920 111
1627 1880 1687 1921 eis

123 1966 230 2006 quae
271 1955 482 1992 annotant
515 1951 766 1992 Aristotelis
806 1954 977 1992 tantum
1018 1952 1149 1992 verba
1181 1951 1391 2005 referuut3
1430 1952 1685 2005 scriptorem

122 2037 222 2064 vero
257 2023 379 2063 illum
413 2037 676 2076 anonymum
709 2021 828 2063 cuius
862 2027 1032 2076 praeter
1066 2022 1318 2063 Aristotelis
1353 2022 1512 2063 scrinia
1543 2021 1686 2062 Philo-

121 2108 259 2148 ponus
305 2108 396 2134 sese
436 2093 694 2147 compilasse
739 2092 903 2134 fatetur
953 2091 1024 2148 (ad
1072 2093 1206 2133 Arist.
1245 2093 1280 2133 d.
1322 2108 1385 2133 au.
1425 2094 1511 2133 404
1550 2109 1575 2133 a
1613 2096 1688 2146 2‹›;

121 2178 219 2220 pag.
247 2166 322 2219 71,
352 2167 377 2204 (i
410 2163 640 2218 Hayduck:
679 2165 915 2205 αἰνίττεται
953 2165 1014 2213 εἰς
1048 2164 1265 2205 Πλάτωνα
1305 2162 1376 2204 καὶ
1409 2164 1687 2219 Ξενοκράτην

121 2235 192 2277 καὶ
209 2234 500 2290 Ἀλκμαίωνα)
528 2235 571 2276 111
591 2235 828 2276 Aristotele
851 2234 956 2291 (405
978 2250 1002 2276 a
1022 2234 1097 2290 29)
1120 2238 1289 2275 tantum
1311 2235 1391 2275 niti
1413 2235 1505 2276 luce
1528 2235 1704 2276 clarius-

122 2309 198 2348 est.
209 2305 242 2362 ³)
269 2305 335 2347 Ne
351 2306 592 2348 Alexander
612 2306 783 2360 quidem
800 2305 1127 2360 Aphrodisienis
1143 2306 1435 2347 Aristotelicis
1452 2306 1685 2360 quidquam

244 2460 276 2502 1)
304 2458 411 2493 Certe
439 2457 614 2502 Diogenis
640 2458 902 2502 Apolloniatae
931 2460 1076 2503 (comm.
1104 2458 1141 2492 in
1168 2458 1271 2502 phys.
1299 2461 1354 2499 27,
1383 2462 1400 2492 7
1430 2457 1562 2500 Diels),
1598 2458 1683 2492 l'ar-

122 2517 278 2552 menidis
309 2517 413 2561 (ibid.
446 2527 532 2561 pag.
570 2519 652 2560 144,
679 2518 754 2561 28),
788 2517 1030 2562 Anaxagorae
1062 2519 1161 2562 (pag.
1199 2521 1275 2560 168,
1303 2522 1350 2559 2),
1384 2517 1537 2550 fortasse
1571 2516 1682 2550 etiam

120 2576 355 2621 Empedoclis
381 2577 477 2621 (pag.
503 2579 580 2618 157,
602 2580 663 2619 27,
692 2576 865 2620 saepius).

240 2650 275 2690 2)
309 2646 363 2681 Ne
389 2646 635 2691 Theophrasti
668 2646 819 2690 quidem
852 2646 1052 2690 Opiniones
1080 2646 1272 2690 Simplicio
1305 2647 1453 2689 praesto
1487 2647 1591 2680 eraut
1623 2647 1683 2691 (cf.

124 2707 324 2742 Dielesium
352 2706 387 2740 in
415 2705 524 2741 Proll.
547 2705 636 2741 Dox.
659 2706 785 2740 Graec.
810 2716 894 2750 pag.
919 2707 1010 2749 113).

241 2780 278 2822 3)
304 2777 355 2812 De
377 2776 576 2822 Solihonia,
603 2789 710 2821 quern
733 2776 880 2821 saepius
902 2789 967 2811 sua
988 2789 1009 2810 a
1031 2777 1237 2821 Philopono
1259 2775 1421 2810 mutuari
1444 2776 1683 2820 Hayduckius

120 2839 248 2883 (praef.
277 2837 322 2872 ad
352 2837 463 2881 Soph.
492 2836 525 2871 d.
555 2848 611 2871 an.
641 2837 810 2881 paraphr.
838 2848 922 2880 pag.
945 2835 1009 2878 VI)
1037 2836 1162 2878 (locet,
1197 2835 1318 2869 nullus
1351 2835 1481 2870 dubito
1515 2835 1602 2880 quin
1637 2837 1682 2870 dc

120 2898 345 2932 Alcmaeone
373 2907 520 2940 quoque
545 2897 605 2941 (ad
626 2896 686 2931 Ar.
708 2896 742 2931 d.
763 2907 820 2931 an.
842 2899 911 2930 405
932 2907 953 2929 a
974 2901 1017 2928 2⁴.)
1044 2907 1128 2940 pag.
1154 2898 1206 2938 14,
1228 2900 1269 2928 31
1294 2894 1490 2939 Hayduck)
1518 2906 1536 2928 e
1559 2895 1680 2930 Philo-

120 2967 216 3002 pono
237 2967 304 2991 sua
323 2956 556 3000 excerpserit,
584 2955 801 3000 praesertim
827 2966 906 2989 cum
930 2966 949 2988 e
969 2965 1142 3000 perversa
1162 2954 1327 2989 eiusdem
1351 2954 1544 2988 verborum
1568 2953 1679 2988 inter-
