<?xml version="1.0" encoding="UTF-8"?>
<!DOCTYPE html PUBLIC "-//W3C//DTD XHTML 1.0 Transitional//EN"
    "http://www.w3.org/TR/xhtml1/DTD/xhtml1-transitional.dtd">
<html xmlns="http://www.w3.org/1999/xhtml" xml:lang="en" lang="en">
 <head>
  <title>
</title>
<meta http-equiv="Content-Type" content="text/html;charset=utf-8" />
  <meta name='ocr-system' content='tesseract 3.04.00' />
  <meta name='ocr-capabilities' content='ocr_page ocr_carea ocr_par ocr_line ocrx_word'/>
</head>
<body>
  <div class='ocr_page' id='page_1' title='image "./dealcmaeonecroto00wachuoft_0008.png"; bbox 0 0 2125 3439; ppageno 0'>
   <div class='ocr_carea' id='block_1_1' title="bbox 941 175 1199 213">
    <p class='ocr_par' dir='ltr' id='par_1_1' title="bbox 941 175 1199 213">
     <span class='ocr_line' id='line_1_1' title="bbox 941 175 1199 213; baseline 0 -11"><span class='ocrx_word' id='word_1_1' title='bbox 941 175 1199 213; x_wconf 75' lang='grc'>-4-</span> 
     </span>
    </p>
   </div>
   <div class='ocr_carea' id='block_1_2' title="bbox 285 274 1852 2945">
    <p class='ocr_par' dir='ltr' id='par_1_2' title="bbox 294 274 1850 540">
     <span class='ocr_line' id='line_1_2' title="bbox 300 274 1850 333; baseline 0.003 -19"><span class='ocrx_word' id='word_1_2' title='bbox 300 288 380 327; x_wconf 87' lang='grc' dir='ltr'>περ</span> <span class='ocrx_word' id='word_1_3' title='bbox 413 276 576 326; x_wconf 79' lang='grc' dir='ltr'><strong><em>τρόπον</em></strong></span> <span class='ocrx_word' id='word_1_4' title='bbox 610 277 721 317; x_wconf 78' lang='grc' dir='ltr'><strong><em>ε’ὀικε</em></strong></span> <span class='ocrx_word' id='word_1_5' title='bbox 754 275 823 317; x_wconf 81' lang='grc' dir='ltr'><strong><em>καὶ</em></strong></span> <span class='ocrx_word' id='word_1_6' title='bbox 845 274 1089 330; x_wconf 79' lang='grc' dir='ltr'><strong><em>Ἀλκμαίων</em></strong></span> <span class='ocrx_word' id='word_1_7' title='bbox 1121 277 1144 319; x_wconf 92' lang='grc' dir='ltr'>ὁ</span> <span class='ocrx_word' id='word_1_8' title='bbox 1171 279 1478 333; x_wconf 78' lang='grc' dir='ltr'><em>Κροτωνιάτης</em></span> <span class='ocrx_word' id='word_1_9' title='bbox 1508 279 1747 332; x_wconf 78' lang='grc' dir='ltr'><em>ὑπολαβεῖν</em></span> <span class='ocrx_word' id='word_1_10' title='bbox 1779 277 1850 320; x_wconf 84' lang='grc' dir='ltr'><strong><em>καὶ</em></strong></span> 
     </span>
     <span class='ocr_line' id='line_1_3' title="bbox 294 341 1850 403; baseline 0.004 -19"><span class='ocrx_word' id='word_1_11' title='bbox 294 345 388 397; x_wconf 76' lang='grc' dir='ltr'><strong><em>ἤτοι</em></strong></span> <span class='ocrx_word' id='word_1_12' title='bbox 421 341 548 394; x_wconf 77' lang='grc' dir='ltr'><strong><em>οὗτος</em></strong></span> <span class='ocrx_word' id='word_1_13' title='bbox 578 344 679 400; x_wconf 85' lang='grc' dir='ltr'><strong><em>παρ’</em></strong></span> <span class='ocrx_word' id='word_1_14' title='bbox 716 346 897 388; x_wconf 79' lang='grc' dir='ltr'><strong><em>ἐκείνων</em></strong></span> <span class='ocrx_word' id='word_1_15' title='bbox 930 347 955 400; x_wconf 77' lang='grc' dir='ltr'>ἢ</span> <span class='ocrx_word' id='word_1_16' title='bbox 983 346 1140 389; x_wconf 82' lang='grc' dir='ltr'><strong><em>ἐκεῖνοι</em></strong></span> <span class='ocrx_word' id='word_1_17' title='bbox 1171 350 1286 401; x_wconf 84' lang='grc' dir='ltr'><strong><em>παρὰ</em></strong></span> <span class='ocrx_word' id='word_1_18' title='bbox 1313 350 1470 390; x_wconf 85' lang='grc' dir='ltr'><strong><em>τούτου</em></strong></span> <span class='ocrx_word' id='word_1_19' title='bbox 1496 348 1745 403; x_wconf 78' lang='grc' dir='ltr'><strong><em>παρέλαβον</em></strong></span> <span class='ocrx_word' id='word_1_20' title='bbox 1774 350 1850 390; x_wconf 87' lang='grc' dir='ltr'><strong><em>τὸν</em></strong></span> 
     </span>
     <span class='ocr_line' id='line_1_4' title="bbox 297 415 1849 474; baseline 0.003 -19"><span class='ocrx_word' id='word_1_21' title='bbox 297 416 430 467; x_wconf 76' lang='grc' dir='ltr'><strong><em>λόγον</em></strong></span> <span class='ocrx_word' id='word_1_22' title='bbox 463 421 639 457; x_wconf 84' lang='grc' dir='ltr'><strong><em>τοῦτον·</em></strong></span> <span class='ocrx_word' id='word_1_23' title='bbox 672 415 743 457; x_wconf 86' lang='grc' dir='ltr'><strong><em>καὶ</em></strong></span> <span class='ocrx_word' id='word_1_24' title='bbox 768 418 850 471; x_wconf 79' lang='grc' dir='ltr'>γὰρ</span> <span class='ocrx_word' id='word_1_25' title='bbox 873 415 1115 472; x_wconf 83' lang='grc' dir='ltr'><strong><em>Ἀλκμαίων</em></strong></span> <span class='ocrx_word' id='word_1_26' title='bbox 1141 418 1392 473; x_wconf 83' lang='grc' dir='ltr'><strong><em>ἀπεφήνατο</em></strong></span> <span class='ocrx_word' id='word_1_27' title='bbox 1418 422 1727 474; x_wconf 80' lang='grc' dir='ltr'><strong><em>παραπλησίως</em></strong></span> <span class='ocrx_word' id='word_1_28' title='bbox 1752 420 1849 460; x_wconf 86' lang='grc' dir='ltr'><strong><em>τού-</em></strong></span> 
     </span>
     <span class='ocr_line' id='line_1_5' title="bbox 295 484 778 540; baseline 0.008 -16"><span class='ocrx_word' id='word_1_29' title='bbox 295 498 404 533; x_wconf 76' lang='grc' dir='ltr'><strong><em>τοις·</em></strong></span> <span class='ocrx_word' id='word_1_30' title='bbox 437 484 545 539; x_wconf 82' lang='grc' dir='ltr'><em>φησὶ</em></span> <span class='ocrx_word' id='word_1_31' title='bbox 578 487 660 540; x_wconf 84' lang='grc' dir='ltr'>γὰρ</span> <span class='ocrx_word' id='word_1_32' title='bbox 691 491 778 528; x_wconf 86' lang='grc' dir='ltr'><strong><em>κτλ.</em></strong></span> 
     </span>
    </p>

    <p class='ocr_par' dir='ltr' id='par_1_3' title="bbox 294 554 1850 752">
     <span class='ocr_line' id='line_1_6' title="bbox 411 554 1849 615; baseline 0.003 -20"><span class='ocrx_word' id='word_1_33' title='bbox 411 554 470 595; x_wconf 86' lang='lat' dir='ltr'>Et</span> <span class='ocrx_word' id='word_1_34' title='bbox 499 570 599 598; x_wconf 88' lang='lat' dir='ltr'>sane</span> <span class='ocrx_word' id='word_1_35' title='bbox 626 557 883 612; x_wconf 85' lang='lat' dir='ltr'>gravissima</span> <span class='ocrx_word' id='word_1_36' title='bbox 910 559 971 599; x_wconf 89' lang='lat' dir='ltr'>illi</span> <span class='ocrx_word' id='word_1_37' title='bbox 1000 559 1149 600; x_wconf 85' lang='lat' dir='ltr'>afferre</span> <span class='ocrx_word' id='word_1_38' title='bbox 1178 560 1376 601; x_wconf 82' lang='lat' dir='ltr'>videntur</span> <span class='ocrx_word' id='word_1_39' title='bbox 1402 564 1672 615; x_wconf 87' lang='lat' dir='ltr'>argumenta:</span> <span class='ocrx_word' id='word_1_40' title='bbox 1706 561 1849 600; x_wconf 82' lang='lat' dir='ltr'>deesse</span> 
     </span>
     <span class='ocr_line' id='line_1_7' title="bbox 297 625 1850 684; baseline 0.003 -19"><span class='ocrx_word' id='word_1_41' title='bbox 297 625 401 666; x_wconf 87' lang='lat' dir='ltr'>haec</span> <span class='ocrx_word' id='word_1_42' title='bbox 429 626 560 667; x_wconf 88' lang='lat' dir='ltr'>verba</span> <span class='ocrx_word' id='word_1_43' title='bbox 593 627 635 668; x_wconf 93' lang='lat' dir='ltr'>in</span> <span class='ocrx_word' id='word_1_44' title='bbox 662 628 828 682; x_wconf 89' lang='lat' dir='ltr'>optimo</span> <span class='ocrx_word' id='word_1_45' title='bbox 856 629 1251 683; x_wconf 80' lang='lat' dir='ltr'>metaphysicorum</span> <span class='ocrx_word' id='word_1_46' title='bbox 1280 630 1422 672; x_wconf 89' lang='lat' dir='ltr'>codice</span> <span class='ocrx_word' id='word_1_47' title='bbox 1451 629 1520 684; x_wconf 71' lang='lat' dir='ltr'>Ab,</span> <span class='ocrx_word' id='word_1_48' title='bbox 1552 645 1576 671; x_wconf 92' lang='lat' dir='ltr'>a</span> <span class='ocrx_word' id='word_1_49' title='bbox 1605 630 1850 672; x_wconf 87' lang='lat' dir='ltr'>scholiastis</span> 
     </span>
     <span class='ocr_line' id='line_1_8' title="bbox 294 695 1231 752; baseline 0.006 -17"><span class='ocrx_word' id='word_1_50' title='bbox 294 695 354 736; x_wconf 88' lang='lat' dir='ltr'>nil</span> <span class='ocrx_word' id='word_1_51' title='bbox 389 696 540 750; x_wconf 85' lang='lat' dir='ltr'>curari,</span> <span class='ocrx_word' id='word_1_52' title='bbox 571 712 748 751; x_wconf 89' lang='lat' dir='ltr'>prorsus</span> <span class='ocrx_word' id='word_1_53' title='bbox 783 713 1098 752; x_wconf 88' lang='lat' dir='ltr'>supervacanea</span> <span class='ocrx_word' id='word_1_54' title='bbox 1130 715 1231 741; x_wconf 88' lang='lat' dir='ltr'>esse.</span> 
     </span>
    </p>

    <p class='ocr_par' dir='ltr' id='par_1_4' title="bbox 286 765 1852 2578">
     <span class='ocr_line' id='line_1_9' title="bbox 413 765 1849 824; baseline 0.002 -16"><span class='ocrx_word' id='word_1_55' title='bbox 413 765 562 822; x_wconf 87' lang='lat' dir='ltr'>Neque</span> <span class='ocrx_word' id='word_1_56' title='bbox 595 770 742 810; x_wconf 90' lang='lat' dir='ltr'>tamen</span> <span class='ocrx_word' id='word_1_57' title='bbox 774 769 877 810; x_wconf 87' lang='lat' dir='ltr'>viris</span> <span class='ocrx_word' id='word_1_58' title='bbox 912 769 997 811; x_wconf 85' lang='lat' dir='ltr'>illis</span> <span class='ocrx_word' id='word_1_59' title='bbox 1030 770 1385 824; x_wconf 78' lang='lat' dir='ltr'>praeclarissimis</span> <span class='ocrx_word' id='word_1_60' title='bbox 1420 771 1641 812; x_wconf 86' lang='lat' dir='ltr'>assentiar.</span> <span class='ocrx_word' id='word_1_61' title='bbox 1693 770 1849 819; x_wconf 80' lang='lat' dir='ltr'>Quam-</span> 
     </span>
     <span class='ocr_line' id='line_1_10' title="bbox 294 838 1849 895; baseline 0.002 -18"><span class='ocrx_word' id='word_1_62' title='bbox 294 852 421 891; x_wconf 85' lang='lat' dir='ltr'>quam</span> <span class='ocrx_word' id='word_1_63' title='bbox 468 839 581 879; x_wconf 90' lang='lat' dir='ltr'>enim</span> <span class='ocrx_word' id='word_1_64' title='bbox 622 853 698 880; x_wconf 90' lang='lat' dir='ltr'>suo</span> <span class='ocrx_word' id='word_1_65' title='bbox 738 839 828 880; x_wconf 86' lang='lat' dir='ltr'>iure</span> <span class='ocrx_word' id='word_1_66' title='bbox 873 840 1062 881; x_wconf 85' lang='lat' dir='ltr'>codicem</span> <span class='ocrx_word' id='word_1_67' title='bbox 1103 838 1161 881; x_wconf 73' lang='lat' dir='ltr'>A¹¹</span> <span class='ocrx_word' id='word_1_68' title='bbox 1200 841 1411 894; x_wconf 88' lang='lat' dir='ltr'>optimum</span> <span class='ocrx_word' id='word_1_69' title='bbox 1457 840 1849 895; x_wconf 84' lang='lat' dir='ltr'>metaphysicorum</span> 
     </span>
     <span class='ocr_line' id='line_1_11' title="bbox 292 910 1852 964; baseline 0.003 -17"><span class='ocrx_word' id='word_1_70' title='bbox 292 910 448 948; x_wconf 90' lang='lat' dir='ltr'>testem</span> <span class='ocrx_word' id='word_1_71' title='bbox 477 923 569 949; x_wconf 91' lang='lat' dir='ltr'>esse</span> <span class='ocrx_word' id='word_1_72' title='bbox 597 910 873 963; x_wconf 79' lang='lat' dir='ltr'>contendunt,</span> <span class='ocrx_word' id='word_1_73' title='bbox 906 913 1050 951; x_wconf 87' lang='lat' dir='ltr'>tamen</span> <span class='ocrx_word' id='word_1_74' title='bbox 1077 925 1162 951; x_wconf 91' lang='lat' dir='ltr'>uno</span> <span class='ocrx_word' id='word_1_75' title='bbox 1190 911 1379 951; x_wconf 85' lang='lat' dir='ltr'>alterove</span> <span class='ocrx_word' id='word_1_76' title='bbox 1406 910 1502 951; x_wconf 93' lang='lat' dir='ltr'>loco</span> <span class='ocrx_word' id='word_1_77' title='bbox 1530 911 1714 951; x_wconf 89' lang='lat' dir='ltr'>alterum</span> <span class='ocrx_word' id='word_1_78' title='bbox 1748 925 1852 964; x_wconf 92' lang='lat' dir='ltr'>quo-</span> 
     </span>
     <span class='ocr_line' id='line_1_12' title="bbox 293 978 1852 1035; baseline 0.003 -17"><span class='ocrx_word' id='word_1_79' title='bbox 293 992 372 1031; x_wconf 89' lang='lat' dir='ltr'>que</span> <span class='ocrx_word' id='word_1_80' title='bbox 407 978 596 1019; x_wconf 82' lang='lat' dir='ltr'>codicem</span> <span class='ocrx_word' id='word_1_81' title='bbox 629 979 742 1020; x_wconf 87' lang='lat' dir='ltr'>inter</span> <span class='ocrx_word' id='word_1_82' title='bbox 775 982 940 1021; x_wconf 89' lang='lat' dir='ltr'>ceteros</span> <span class='ocrx_word' id='word_1_83' title='bbox 973 979 1100 1035; x_wconf 89' lang='lat' dir='ltr'>longe</span> <span class='ocrx_word' id='word_1_84' title='bbox 1132 983 1425 1034; x_wconf 74' lang='lat' dir='ltr'>praestantem</span> <span class='ocrx_word' id='word_1_85' title='bbox 1451 979 1487 1020; x_wconf 85' lang='lat' dir='ltr'><strong>E</strong></span> <span class='ocrx_word' id='word_1_86' title='bbox 1523 980 1702 1022; x_wconf 89' lang='lat' dir='ltr'>meliora</span> <span class='ocrx_word' id='word_1_87' title='bbox 1734 995 1852 1035; x_wconf 87' lang='lat' dir='ltr'>prae-</span> 
     </span>
     <span class='ocr_line' id='line_1_13' title="bbox 291 1047 1850 1107; baseline 0.003 -19"><span class='ocrx_word' id='word_1_88' title='bbox 291 1047 390 1089; x_wconf 87' lang='lat' dir='ltr'>bere</span> <span class='ocrx_word' id='word_1_89' title='bbox 423 1049 493 1089; x_wconf 85' lang='lat' dir='ltr'>vix</span> <span class='ocrx_word' id='word_1_90' title='bbox 528 1050 610 1090; x_wconf 88' lang='lat' dir='ltr'>erit</span> <span class='ocrx_word' id='word_1_91' title='bbox 643 1051 755 1103; x_wconf 89' lang='lat' dir='ltr'>quod</span> <span class='ocrx_word' id='word_1_92' title='bbox 787 1064 1005 1105; x_wconf 76' lang='lat' dir='ltr'>negemus.</span> <span class='ocrx_word' id='word_1_93' title='bbox 1061 1051 1202 1105; x_wconf 89' lang='lat' dir='ltr'>Atque</span> <span class='ocrx_word' id='word_1_94' title='bbox 1232 1050 1531 1107; x_wconf 85' lang='lat' dir='ltr'>Schweglerus</span> <span class='ocrx_word' id='word_1_95' title='bbox 1564 1052 1748 1106; x_wconf 82' lang='lat' dir='ltr'>quidem,</span> <span class='ocrx_word' id='word_1_96' title='bbox 1779 1052 1850 1106; x_wconf 89' lang='lat' dir='ltr'>qui</span> 
     </span>
     <span class='ocr_line' id='line_1_14' title="bbox 291 1119 1851 1176; baseline 0.003 -17"><span class='ocrx_word' id='word_1_97' title='bbox 291 1133 438 1160; x_wconf 90' lang='lat' dir='ltr'>omnes</span> <span class='ocrx_word' id='word_1_98' title='bbox 471 1119 559 1161; x_wconf 87' lang='lat' dir='ltr'>fere</span> <span class='ocrx_word' id='word_1_99' title='bbox 593 1121 875 1162; x_wconf 83' lang='lat' dir='ltr'>sententiolas</span> <span class='ocrx_word' id='word_1_100' title='bbox 908 1121 961 1161; x_wconf 89' lang='lat' dir='ltr'>ab</span> <span class='ocrx_word' id='word_1_101' title='bbox 995 1120 1054 1162; x_wconf 85' lang='lat' dir='ltr'>Ab</span> <span class='ocrx_word' id='word_1_102' title='bbox 1088 1121 1268 1163; x_wconf 85' lang='lat' dir='ltr'>omissas</span> <span class='ocrx_word' id='word_1_103' title='bbox 1302 1122 1470 1176; x_wconf 85' lang='lat' dir='ltr'>spurias</span> <span class='ocrx_word' id='word_1_104' title='bbox 1504 1137 1596 1164; x_wconf 86' lang='lat' dir='ltr'>esse</span> <span class='ocrx_word' id='word_1_105' title='bbox 1636 1123 1719 1164; x_wconf 89' lang='lat' dir='ltr'>sibi</span> <span class='ocrx_word' id='word_1_106' title='bbox 1753 1138 1851 1165; x_wconf 90' lang='lat' dir='ltr'>con-</span> 
     </span>
     <span class='ocr_line' id='line_1_15' title="bbox 291 1190 1848 1244; baseline 0.003 -14"><span class='ocrx_word' id='word_1_107' title='bbox 291 1193 406 1231; x_wconf 82' lang='lat' dir='ltr'>stare</span> <span class='ocrx_word' id='word_1_108' title='bbox 443 1190 690 1244; x_wconf 83' lang='lat' dir='ltr'>profitetur,</span> <span class='ocrx_word' id='word_1_109' title='bbox 729 1191 832 1244; x_wconf 89' lang='lat' dir='ltr'>quin</span> <span class='ocrx_word' id='word_1_110' title='bbox 871 1191 1059 1233; x_wconf 87' lang='lat' dir='ltr'>severius</span> <span class='ocrx_word' id='word_1_111' title='bbox 1099 1192 1148 1233; x_wconf 89' lang='lat' dir='ltr'>de</span> <span class='ocrx_word' id='word_1_112' title='bbox 1183 1192 1325 1234; x_wconf 89' lang='lat' dir='ltr'>codice</span> <span class='ocrx_word' id='word_1_113' title='bbox 1358 1193 1394 1234; x_wconf 84' lang='lat' dir='ltr'>E</span> <span class='ocrx_word' id='word_1_114' title='bbox 1436 1193 1688 1234; x_wconf 83' lang='lat' dir='ltr'>iudicaverit</span> <span class='ocrx_word' id='word_1_115' title='bbox 1727 1194 1848 1234; x_wconf 90' lang='lat' dir='ltr'>dubi-</span> 
     </span>
     <span class='ocr_line' id='line_1_16' title="bbox 292 1260 1848 1318; baseline 0.003 -18"><span class='ocrx_word' id='word_1_116' title='bbox 292 1260 375 1301; x_wconf 87' lang='lat' dir='ltr'>tari</span> <span class='ocrx_word' id='word_1_117' title='bbox 415 1260 575 1314; x_wconf 88' lang='lat' dir='ltr'>nequit.</span> <span class='ocrx_word' id='word_1_118' title='bbox 640 1260 781 1303; x_wconf 90' lang='lat' dir='ltr'>Multo</span> <span class='ocrx_word' id='word_1_119' title='bbox 826 1262 964 1303; x_wconf 90' lang='lat' dir='ltr'>lenius</span> <span class='ocrx_word' id='word_1_120' title='bbox 1004 1262 1226 1304; x_wconf 88' lang='lat' dir='ltr'>Bonitzius</span> <span class='ocrx_word' id='word_1_121' title='bbox 1272 1278 1315 1304; x_wconf 91' lang='lat' dir='ltr'>se</span> <span class='ocrx_word' id='word_1_122' title='bbox 1361 1264 1514 1318; x_wconf 88' lang='lat' dir='ltr'>gessit,</span> <span class='ocrx_word' id='word_1_123' title='bbox 1560 1264 1631 1317; x_wconf 88' lang='lat' dir='ltr'>qui</span> <span class='ocrx_word' id='word_1_124' title='bbox 1677 1264 1848 1318; x_wconf 88' lang='lat' dir='ltr'>saepius</span> 
     </span>
     <span class='ocr_line' id='line_1_17' title="bbox 290 1331 1850 1388; baseline 0.003 -17"><span class='ocrx_word' id='word_1_125' title='bbox 290 1331 450 1372; x_wconf 86' lang='lat' dir='ltr'>codicis</span> <span class='ocrx_word' id='word_1_126' title='bbox 488 1331 524 1372; x_wconf 88' lang='lat' dir='ltr'>E</span> <span class='ocrx_word' id='word_1_127' title='bbox 565 1336 717 1373; x_wconf 89' lang='lat' dir='ltr'>contra</span> <span class='ocrx_word' id='word_1_128' title='bbox 754 1331 814 1373; x_wconf 85' lang='lat' dir='ltr'>Ab</span> <span class='ocrx_word' id='word_1_129' title='bbox 852 1336 973 1374; x_wconf 88' lang='lat' dir='ltr'>tutor</span> <span class='ocrx_word' id='word_1_130' title='bbox 1012 1337 1140 1388; x_wconf 88' lang='lat' dir='ltr'>atque</span> <span class='ocrx_word' id='word_1_131' title='bbox 1180 1337 1388 1388; x_wconf 85' lang='lat' dir='ltr'>patronus</span> <span class='ocrx_word' id='word_1_132' title='bbox 1428 1334 1598 1375; x_wconf 76' lang='lat' dir='ltr'>exsistit</span> <span class='ocrx_word' id='word_1_133' title='bbox 1640 1337 1682 1375; x_wconf 85' lang='lat' dir='ltr'>et</span> <span class='ocrx_word' id='word_1_134' title='bbox 1721 1335 1850 1376; x_wconf 91' lang='lat' dir='ltr'>verba</span> 
     </span>
     <span class='ocr_line' id='line_1_18' title="bbox 292 1399 1849 1462; baseline 0.003 -20"><span class='ocrx_word' id='word_1_135' title='bbox 292 1402 344 1442; x_wconf 91' lang='lat' dir='ltr'>ab</span> <span class='ocrx_word' id='word_1_136' title='bbox 371 1399 431 1443; x_wconf 83' lang='lat' dir='ltr'>Ab</span> <span class='ocrx_word' id='word_1_137' title='bbox 458 1402 619 1443; x_wconf 88' lang='lat' dir='ltr'>omissa</span> <span class='ocrx_word' id='word_1_138' title='bbox 645 1402 836 1444; x_wconf 82' lang='lat' dir='ltr'>defendit</span> <span class='ocrx_word' id='word_1_139' title='bbox 862 1402 934 1459; x_wconf 88' lang='lat' dir='ltr'>(cf.</span> <span class='ocrx_word' id='word_1_140' title='bbox 961 1404 1011 1445; x_wconf 90' lang='lat' dir='ltr'>ad</span> <span class='ocrx_word' id='word_1_141' title='bbox 1041 1405 1161 1446; x_wconf 60' lang='lat'>9811)</span> <span class='ocrx_word' id='word_1_142' title='bbox 1183 1406 1222 1457; x_wconf 75' lang='grc' dir='ltr'>ἶ),</span> <span class='ocrx_word' id='word_1_143' title='bbox 1249 1405 1366 1445; x_wconf 72' lang='lat' dir='ltr'>989a</span> <span class='ocrx_word' id='word_1_144' title='bbox 1388 1405 1455 1459; x_wconf 81' lang='lat'>26,</span> <span class='ocrx_word' id='word_1_145' title='bbox 1485 1406 1632 1445; x_wconf 79' lang='lat' dir='ltr'>loo3a</span> <span class='ocrx_word' id='word_1_146' title='bbox 1655 1405 1707 1445; x_wconf 84' lang='lat'>31</span> <span class='ocrx_word' id='word_1_147' title='bbox 1739 1404 1849 1462; x_wconf 87' lang='lat' dir='ltr'>etc.).</span> 
     </span>
     <span class='ocr_line' id='line_1_19' title="bbox 287 1472 1849 1530; baseline 0.003 -17"><span class='ocrx_word' id='word_1_148' title='bbox 287 1472 407 1514; x_wconf 88' lang='lat' dir='ltr'>Idem</span> <span class='ocrx_word' id='word_1_149' title='bbox 439 1473 491 1514; x_wconf 86' lang='lat' dir='ltr'>ad</span> <span class='ocrx_word' id='word_1_150' title='bbox 525 1474 647 1515; x_wconf 67' lang='lat'>9811)</span> <span class='ocrx_word' id='word_1_151' title='bbox 669 1474 695 1514; x_wconf 80' lang='lat'>5</span> <span class='ocrx_word' id='word_1_152' title='bbox 728 1473 850 1529; x_wconf 85' lang='lat' dir='ltr'>(tom.</span> <span class='ocrx_word' id='word_1_153' title='bbox 878 1474 921 1515; x_wconf 93' lang='lat' dir='ltr'>II</span> <span class='ocrx_word' id='word_1_154' title='bbox 953 1473 1029 1530; x_wconf 77' lang='lat'>43)</span> <span class='ocrx_word' id='word_1_155' title='bbox 1062 1474 1219 1516; x_wconf 71' lang='lat' dir='ltr'>‘codici</span> <span class='ocrx_word' id='word_1_156' title='bbox 1254 1472 1332 1516; x_wconf 53' lang='lat' dir='ltr'>Am</span> <span class='ocrx_word' id='word_1_157' title='bbox 1368 1476 1508 1529; x_wconf 90' lang='lat' dir='ltr'>inquit</span> <span class='ocrx_word' id='word_1_158' title='bbox 1541 1475 1605 1516; x_wconf 73' lang='lat' dir='ltr'>ein</span> <span class='ocrx_word' id='word_1_159' title='bbox 1640 1490 1849 1518; x_wconf 90' lang='lat' dir='ltr'>consensu</span> 
     </span>
     <span class='ocr_line' id='line_1_20' title="bbox 288 1543 1848 1603; baseline 0.003 -19"><span class='ocrx_word' id='word_1_160' title='bbox 288 1543 552 1598; x_wconf 87' lang='lat' dir='ltr'>reliquorum</span> <span class='ocrx_word' id='word_1_161' title='bbox 591 1559 724 1598; x_wconf 85' lang='lat' dir='ltr'>prope</span> <span class='ocrx_word' id='word_1_162' title='bbox 757 1545 949 1586; x_wconf 89' lang='lat' dir='ltr'>omnium</span> <span class='ocrx_word' id='word_1_163' title='bbox 989 1548 1158 1586; x_wconf 89' lang='lat' dir='ltr'>tantum</span> <span class='ocrx_word' id='word_1_164' title='bbox 1198 1546 1385 1587; x_wconf 87' lang='lat' dir='ltr'>tribuere</span> <span class='ocrx_word' id='word_1_165' title='bbox 1424 1546 1699 1588; x_wconf 82' lang='lat' dir='ltr'>auctoritatis</span> <span class='ocrx_word' id='word_1_166' title='bbox 1739 1545 1848 1603; x_wconf 88' lang='lat' dir='ltr'>(scil.</span> 
     </span>
     <span class='ocr_line' id='line_1_21' title="bbox 290 1614 1848 1673; baseline 0.003 -18"><span class='ocrx_word' id='word_1_167' title='bbox 290 1618 499 1668; x_wconf 87' lang='lat' dir='ltr'>quantum</span> <span class='ocrx_word' id='word_1_168' title='bbox 526 1614 843 1672; x_wconf 82' lang='lat' dir='ltr'>Schweglerus)</span> <span class='ocrx_word' id='word_1_169' title='bbox 876 1616 1163 1658; x_wconf 83' lang='lat' dir='ltr'>dubitaverim</span> <span class='ocrx_word' id='word_1_170' title='bbox 1197 1615 1311 1673; x_wconf 86' lang='lat' dir='ltr'>(vide</span> <span class='ocrx_word' id='word_1_171' title='bbox 1338 1616 1355 1657; x_wconf 88' lang='lat' dir='ltr'><strong>I</strong></span> <span class='ocrx_word' id='word_1_172' title='bbox 1389 1633 1429 1671; x_wconf 93' lang='lat' dir='ltr'>p.</span> <span class='ocrx_word' id='word_1_173' title='bbox 1449 1616 1560 1672; x_wconf 74' lang='lat' dir='ltr'>XV),</span> <span class='ocrx_word' id='word_1_174' title='bbox 1595 1618 1848 1671; x_wconf 74' lang='lat' dir='ltr'>praesertim</span> 
     </span>
     <span class='ocr_line' id='line_1_22' title="bbox 288 1685 1850 1742; baseline 0.003 -17"><span class='ocrx_word' id='word_1_175' title='bbox 288 1699 383 1726; x_wconf 87' lang='lat' dir='ltr'>cum</span> <span class='ocrx_word' id='word_1_176' title='bbox 428 1686 598 1739; x_wconf 86' lang='lat' dir='ltr'>saepius</span> <span class='ocrx_word' id='word_1_177' title='bbox 641 1685 687 1726; x_wconf 89' lang='lat' dir='ltr'>in</span> <span class='ocrx_word' id='word_1_178' title='bbox 725 1701 774 1728; x_wconf 92' lang='lat' dir='ltr'>eo</span> <span class='ocrx_word' id='word_1_179' title='bbox 815 1687 926 1728; x_wconf 89' lang='lat' dir='ltr'>libro</span> <span class='ocrx_word' id='word_1_180' title='bbox 965 1688 1133 1742; x_wconf 89' lang='lat' dir='ltr'>aliquot</span> <span class='ocrx_word' id='word_1_181' title='bbox 1173 1688 1302 1729; x_wconf 88' lang='lat' dir='ltr'>verba</span> <span class='ocrx_word' id='word_1_182' title='bbox 1341 1688 1500 1729; x_wconf 86' lang='lat' dir='ltr'>omissa</span> <span class='ocrx_word' id='word_1_183' title='bbox 1538 1702 1629 1729; x_wconf 87' lang='lat' dir='ltr'>esse</span> <span class='ocrx_word' id='word_1_184' title='bbox 1669 1704 1689 1729; x_wconf 91' lang='lat' dir='ltr'>e</span> <span class='ocrx_word' id='word_1_185' title='bbox 1730 1689 1850 1730; x_wconf 89' lang='lat' dir='ltr'>varia</span> 
     </span>
     <span class='ocr_line' id='line_1_23' title="bbox 289 1755 1849 1813; baseline 0.003 -17"><span class='ocrx_word' id='word_1_186' title='bbox 289 1755 473 1797; x_wconf 89' lang='lat' dir='ltr'>lectione</span> <span class='ocrx_word' id='word_1_187' title='bbox 507 1756 632 1798; x_wconf 87' lang='lat' dir='ltr'>facile</span> <span class='ocrx_word' id='word_1_188' title='bbox 666 1757 987 1812; x_wconf 86' lang='lat' dir='ltr'>cognoscatur&#39;.</span> <span class='ocrx_word' id='word_1_189' title='bbox 1039 1757 1256 1800; x_wconf 85' lang='lat' dir='ltr'>Christius</span> <span class='ocrx_word' id='word_1_190' title='bbox 1291 1773 1404 1813; x_wconf 81' lang='lat' dir='ltr'>vero,</span> <span class='ocrx_word' id='word_1_191' title='bbox 1436 1759 1509 1813; x_wconf 88' lang='lat' dir='ltr'>qui</span> <span class='ocrx_word' id='word_1_192' title='bbox 1536 1762 1635 1813; x_wconf 90' lang='lat' dir='ltr'>post</span> <span class='ocrx_word' id='word_1_193' title='bbox 1662 1759 1849 1801; x_wconf 85' lang='lat' dir='ltr'>Bonitzii</span> 
     </span>
     <span class='ocr_line' id='line_1_24' title="bbox 289 1827 1851 1884; baseline 0.004 -18"><span class='ocrx_word' id='word_1_194' title='bbox 289 1841 412 1867; x_wconf 87' lang='lat' dir='ltr'>curas</span> <span class='ocrx_word' id='word_1_195' title='bbox 457 1827 614 1868; x_wconf 87' lang='lat' dir='ltr'>iterum</span> <span class='ocrx_word' id='word_1_196' title='bbox 661 1828 827 1870; x_wconf 85' lang='lat' dir='ltr'>codices</span> <span class='ocrx_word' id='word_1_197' title='bbox 868 1829 1071 1882; x_wconf 81' lang='lat' dir='ltr'>contulit,</span> <span class='ocrx_word' id='word_1_198' title='bbox 1117 1829 1306 1870; x_wconf 86' lang='lat' dir='ltr'>codicem</span> <span class='ocrx_word' id='word_1_199' title='bbox 1345 1829 1380 1870; x_wconf 84' lang='lat' dir='ltr'><strong>E</strong></span> <span class='ocrx_word' id='word_1_200' title='bbox 1420 1844 1522 1884; x_wconf 85' lang='lat' dir='ltr'>prae</span> <span class='ocrx_word' id='word_1_201' title='bbox 1553 1828 1614 1871; x_wconf 87' lang='lat' dir='ltr'>Ab</span> <span class='ocrx_word' id='word_1_202' title='bbox 1653 1831 1784 1872; x_wconf 88' lang='lat' dir='ltr'>etiam</span> <span class='ocrx_word' id='word_1_203' title='bbox 1827 1847 1851 1872; x_wconf 86' lang='lat' dir='ltr'>a</span> 
     </span>
     <span class='ocr_line' id='line_1_25' title="bbox 289 1897 1849 1955; baseline 0.004 -18"><span class='ocrx_word' id='word_1_204' title='bbox 289 1897 488 1938; x_wconf 87' lang='lat' dir='ltr'>Bonitzio</span> <span class='ocrx_word' id='word_1_205' title='bbox 528 1898 657 1939; x_wconf 87' lang='lat' dir='ltr'>nimis</span> <span class='ocrx_word' id='word_1_206' title='bbox 697 1902 889 1953; x_wconf 86' lang='lat' dir='ltr'>spretum</span> <span class='ocrx_word' id='word_1_207' title='bbox 923 1914 1014 1941; x_wconf 89' lang='lat' dir='ltr'>esse</span> <span class='ocrx_word' id='word_1_208' title='bbox 1047 1899 1209 1941; x_wconf 89' lang='lat' dir='ltr'>iudicat</span> <span class='ocrx_word' id='word_1_209' title='bbox 1247 1899 1310 1955; x_wconf 87' lang='lat' dir='ltr'>(in</span> <span class='ocrx_word' id='word_1_210' title='bbox 1343 1900 1443 1941; x_wconf 89' lang='lat' dir='ltr'>edit.</span> <span class='ocrx_word' id='word_1_211' title='bbox 1479 1900 1639 1942; x_wconf 83' lang='lat' dir='ltr'>Teubn.</span> <span class='ocrx_word' id='word_1_212' title='bbox 1672 1901 1849 1955; x_wconf 84' lang='lat' dir='ltr'>praefat.</span> 
     </span>
     <span class='ocr_line' id='line_1_26' title="bbox 288 1967 1850 2024; baseline 0.004 -16"><span class='ocrx_word' id='word_1_213' title='bbox 288 1982 384 2023; x_wconf 87' lang='lat' dir='ltr'>pag.</span> <span class='ocrx_word' id='word_1_214' title='bbox 413 1967 550 2024; x_wconf 88' lang='lat' dir='ltr'><strong>VIII).</strong></span> <span class='ocrx_word' id='word_1_215' title='bbox 612 1968 721 2010; x_wconf 86' lang='lat' dir='ltr'>Mihi</span> <span class='ocrx_word' id='word_1_216' title='bbox 764 1984 934 2024; x_wconf 89' lang='lat' dir='ltr'>quoque</span> <span class='ocrx_word' id='word_1_217' title='bbox 974 1985 1120 2011; x_wconf 84' lang='lat' dir='ltr'>omnes</span> <span class='ocrx_word' id='word_1_218' title='bbox 1161 1985 1233 2011; x_wconf 91' lang='lat' dir='ltr'>eos</span> <span class='ocrx_word' id='word_1_219' title='bbox 1267 1970 1386 2012; x_wconf 88' lang='lat' dir='ltr'>locos</span> <span class='ocrx_word' id='word_1_220' title='bbox 1425 1971 1499 2012; x_wconf 90' lang='lat' dir='ltr'>ubi</span> <span class='ocrx_word' id='word_1_221' title='bbox 1539 1972 1581 2012; x_wconf 90' lang='lat' dir='ltr'>in</span> <span class='ocrx_word' id='word_1_222' title='bbox 1615 1972 1758 2014; x_wconf 90' lang='lat' dir='ltr'>codice</span> <span class='ocrx_word' id='word_1_223' title='bbox 1793 1971 1850 2014; x_wconf 83' lang='lat' dir='ltr'>Ab</span> 
     </span>
     <span class='ocr_line' id='line_1_27' title="bbox 287 2039 1849 2096; baseline 0.003 -17"><span class='ocrx_word' id='word_1_224' title='bbox 287 2039 432 2080; x_wconf 85' lang='lat' dir='ltr'>deesse</span> <span class='ocrx_word' id='word_1_225' title='bbox 484 2040 690 2093; x_wconf 86' lang='lat' dir='ltr'>quaedam</span> <span class='ocrx_word' id='word_1_226' title='bbox 736 2041 961 2081; x_wconf 89' lang='lat' dir='ltr'>videantur</span> <span class='ocrx_word' id='word_1_227' title='bbox 1012 2041 1242 2096; x_wconf 80' lang='lat' dir='ltr'>diligenter</span> <span class='ocrx_word' id='word_1_228' title='bbox 1285 2042 1531 2095; x_wconf 89' lang='lat' dir='ltr'>inspicienti</span> <span class='ocrx_word' id='word_1_229' title='bbox 1584 2045 1711 2096; x_wconf 85' lang='lat' dir='ltr'>atque</span> <span class='ocrx_word' id='word_1_230' title='bbox 1763 2048 1849 2084; x_wconf 84' lang='lat' dir='ltr'>stu-</span> 
     </span>
     <span class='ocr_line' id='line_1_28' title="bbox 287 2109 1848 2166; baseline 0.003 -17"><span class='ocrx_word' id='word_1_231' title='bbox 287 2109 404 2150; x_wconf 87' lang='lat' dir='ltr'>diose</span> <span class='ocrx_word' id='word_1_232' title='bbox 436 2111 716 2164; x_wconf 87' lang='lat' dir='ltr'>perpendenti</span> <span class='ocrx_word' id='word_1_233' title='bbox 751 2112 1000 2165; x_wconf 85' lang='lat' dir='ltr'>saepissime</span> <span class='ocrx_word' id='word_1_234' title='bbox 1034 2127 1082 2153; x_wconf 85' lang='lat' dir='ltr'>ea</span> <span class='ocrx_word' id='word_1_235' title='bbox 1115 2126 1221 2166; x_wconf 87' lang='lat' dir='ltr'>quae</span> <span class='ocrx_word' id='word_1_236' title='bbox 1255 2112 1429 2154; x_wconf 87' lang='lat' dir='ltr'>exhibet</span> <span class='ocrx_word' id='word_1_237' title='bbox 1461 2112 1496 2154; x_wconf 87' lang='lat' dir='ltr'>E</span> <span class='ocrx_word' id='word_1_238' title='bbox 1531 2113 1584 2153; x_wconf 82' lang='lat' dir='ltr'>ab</span> <span class='ocrx_word' id='word_1_239' title='bbox 1612 2112 1848 2154; x_wconf 86' lang='lat' dir='ltr'>Aristotele</span> 
     </span>
     <span class='ocr_line' id='line_1_29' title="bbox 288 2179 1848 2238; baseline 0.003 -18"><span class='ocrx_word' id='word_1_240' title='bbox 288 2179 463 2221; x_wconf 87' lang='lat' dir='ltr'>minime</span> <span class='ocrx_word' id='word_1_241' title='bbox 497 2181 635 2222; x_wconf 90' lang='lat' dir='ltr'>aliena</span> <span class='ocrx_word' id='word_1_242' title='bbox 662 2196 753 2223; x_wconf 87' lang='lat' dir='ltr'>esse</span> <span class='ocrx_word' id='word_1_243' title='bbox 783 2183 875 2223; x_wconf 79' lang='lat' dir='ltr'>visa</span> <span class='ocrx_word' id='word_1_244' title='bbox 902 2185 1012 2223; x_wconf 90' lang='lat' dir='ltr'>sunt.</span> <span class='ocrx_word' id='word_1_245' title='bbox 1064 2181 1147 2224; x_wconf 83' lang='lat' dir='ltr'>Sed</span> <span class='ocrx_word' id='word_1_246' title='bbox 1174 2198 1269 2224; x_wconf 88' lang='lat' dir='ltr'>cum</span> <span class='ocrx_word' id='word_1_247' title='bbox 1298 2183 1370 2237; x_wconf 91' lang='lat' dir='ltr'>qui</span> <span class='ocrx_word' id='word_1_248' title='bbox 1397 2184 1501 2225; x_wconf 87' lang='lat' dir='ltr'>haec</span> <span class='ocrx_word' id='word_1_249' title='bbox 1529 2198 1636 2237; x_wconf 90' lang='lat' dir='ltr'>quae</span> <span class='ocrx_word' id='word_1_250' title='bbox 1662 2184 1848 2238; x_wconf 89' lang='lat' dir='ltr'>plerum-</span> 
     </span>
     <span class='ocr_line' id='line_1_30' title="bbox 288 2252 1849 2310; baseline 0.004 -19"><span class='ocrx_word' id='word_1_251' title='bbox 288 2266 368 2304; x_wconf 88' lang='lat' dir='ltr'>que</span> <span class='ocrx_word' id='word_1_252' title='bbox 414 2266 463 2293; x_wconf 82' lang='lat' dir='ltr'>ex</span> <span class='ocrx_word' id='word_1_253' title='bbox 509 2252 602 2305; x_wconf 84' lang='lat' dir='ltr'>ipsa</span> <span class='ocrx_word' id='word_1_254' title='bbox 647 2253 957 2294; x_wconf 84' lang='lat' dir='ltr'>sententiarum</span> <span class='ocrx_word' id='word_1_255' title='bbox 1005 2254 1305 2309; x_wconf 82' lang='lat' dir='ltr'>progressione</span> <span class='ocrx_word' id='word_1_256' title='bbox 1350 2254 1581 2308; x_wconf 86' lang='lat' dir='ltr'>disceptari</span> <span class='ocrx_word' id='word_1_257' title='bbox 1634 2259 1849 2310; x_wconf 88' lang='lat' dir='ltr'>nequeant</span> 
     </span>
     <span class='ocr_line' id='line_1_31' title="bbox 286 2321 1848 2378; baseline 0.003 -16"><span class='ocrx_word' id='word_1_258' title='bbox 286 2321 518 2364; x_wconf 86' lang='lat' dir='ltr'>diiudicare</span> <span class='ocrx_word' id='word_1_259' title='bbox 552 2323 655 2364; x_wconf 85' lang='lat' dir='ltr'>velit</span> <span class='ocrx_word' id='word_1_260' title='bbox 686 2338 862 2378; x_wconf 84' lang='lat' dir='ltr'>prorsus</span> <span class='ocrx_word' id='word_1_261' title='bbox 896 2339 987 2366; x_wconf 89' lang='lat' dir='ltr'>sese</span> <span class='ocrx_word' id='word_1_262' title='bbox 1022 2324 1281 2366; x_wconf 86' lang='lat' dir='ltr'>immerserit</span> <span class='ocrx_word' id='word_1_263' title='bbox 1313 2339 1484 2366; x_wconf 90' lang='lat' dir='ltr'>necesse</span> <span class='ocrx_word' id='word_1_264' title='bbox 1517 2327 1574 2366; x_wconf 91' lang='lat' dir='ltr'>sit</span> <span class='ocrx_word' id='word_1_265' title='bbox 1607 2326 1650 2366; x_wconf 89' lang='lat' dir='ltr'>in</span> <span class='ocrx_word' id='word_1_266' title='bbox 1681 2326 1848 2368; x_wconf 85' lang='lat' dir='ltr'>Aristo—</span> 
     </span>
     <span class='ocr_line' id='line_1_32' title="bbox 287 2391 1847 2451; baseline 0.003 -18"><span class='ocrx_word' id='word_1_267' title='bbox 287 2391 384 2433; x_wconf 89' lang='lat' dir='ltr'>telis</span> <span class='ocrx_word' id='word_1_268' title='bbox 424 2396 466 2434; x_wconf 87' lang='lat' dir='ltr'>et</span> <span class='ocrx_word' id='word_1_269' title='bbox 499 2394 782 2435; x_wconf 87' lang='lat' dir='ltr'>ratiocinandi</span> <span class='ocrx_word' id='word_1_270' title='bbox 824 2397 866 2435; x_wconf 90' lang='lat' dir='ltr'>et</span> <span class='ocrx_word' id='word_1_271' title='bbox 901 2395 1102 2449; x_wconf 89' lang='lat' dir='ltr'>loquendi</span> <span class='ocrx_word' id='word_1_272' title='bbox 1136 2396 1366 2448; x_wconf 81' lang='lat' dir='ltr'>rationem,</span> <span class='ocrx_word' id='word_1_273' title='bbox 1405 2396 1567 2437; x_wconf 87' lang='lat' dir='ltr'>veritus</span> <span class='ocrx_word' id='word_1_274' title='bbox 1606 2412 1658 2438; x_wconf 89' lang='lat' dir='ltr'>ne</span> <span class='ocrx_word' id='word_1_275' title='bbox 1696 2412 1847 2451; x_wconf 87' lang='lat' dir='ltr'>parum</span> 
     </span>
     <span class='ocr_line' id='line_1_33' title="bbox 287 2464 1847 2519; baseline 0.003 -15"><span class='ocrx_word' id='word_1_276' title='bbox 287 2464 477 2505; x_wconf 89' lang='lat' dir='ltr'>modeste</span> <span class='ocrx_word' id='word_1_277' title='bbox 529 2479 595 2505; x_wconf 89' lang='lat' dir='ltr'>me</span> <span class='ocrx_word' id='word_1_278' title='bbox 640 2478 785 2519; x_wconf 86' lang='lat' dir='ltr'>geram</span> <span class='ocrx_word' id='word_1_279' title='bbox 837 2465 886 2506; x_wconf 91' lang='lat' dir='ltr'>de</span> <span class='ocrx_word' id='word_1_280' title='bbox 933 2465 1025 2507; x_wconf 92' lang='lat' dir='ltr'>solo</span> <span class='ocrx_word' id='word_1_281' title='bbox 1070 2466 1164 2507; x_wconf 88' lang='lat' dir='ltr'>loco</span> <span class='ocrx_word' id='word_1_282' title='bbox 1211 2466 1548 2508; x_wconf 90' lang='lat' dir='ltr'>Alcmaeoniano</span> <span class='ocrx_word' id='word_1_283' title='bbox 1598 2467 1729 2509; x_wconf 86' lang='lat' dir='ltr'>verba</span> <span class='ocrx_word' id='word_1_284' title='bbox 1778 2468 1847 2510; x_wconf 90' lang='lat' dir='ltr'>hic</span> 
     </span>
     <span class='ocr_line' id='line_1_34' title="bbox 287 2535 600 2578; baseline 0.013 -5"><span class='ocrx_word' id='word_1_285' title='bbox 287 2535 422 2574; x_wconf 71' lang='lat' dir='ltr'>facere</span> <span class='ocrx_word' id='word_1_286' title='bbox 463 2536 571 2576; x_wconf 90' lang='lat' dir='ltr'>volo.</span> <span class='ocrx_word' id='word_1_287' title='bbox 598 2575 600 2578; x_wconf 81' lang='grc'>,</span> 
     </span>
    </p>

    <p class='ocr_par' dir='ltr' id='par_1_5' title="bbox 285 2605 1848 2945">
     <span class='ocr_line' id='line_1_35' title="bbox 408 2605 1848 2664; baseline 0.003 -19"><span class='ocrx_word' id='word_1_288' title='bbox 408 2605 504 2659; x_wconf 82' lang='lat' dir='ltr'>lpse</span> <span class='ocrx_word' id='word_1_289' title='bbox 539 2606 727 2647; x_wconf 79' lang='lat' dir='ltr'>Zellerus</span> <span class='ocrx_word' id='word_1_290' title='bbox 760 2607 1061 2661; x_wconf 80' lang='lat' dir='ltr'>perantiquam</span> <span class='ocrx_word' id='word_1_291' title='bbox 1095 2622 1186 2648; x_wconf 90' lang='lat' dir='ltr'>esse</span> <span class='ocrx_word' id='word_1_292' title='bbox 1222 2607 1603 2662; x_wconf 88' lang='lat' dir='ltr'>interpolationem</span> <span class='ocrx_word' id='word_1_293' title='bbox 1641 2610 1848 2664; x_wconf 82' lang='lat' dir='ltr'>concedit,</span> 
     </span>
     <span class='ocr_line' id='line_1_36' title="bbox 289 2676 1846 2734; baseline 0.005 -19"><span class='ocrx_word' id='word_1_294' title='bbox 289 2691 382 2716; x_wconf 87' lang='lat' dir='ltr'>cum</span> <span class='ocrx_word' id='word_1_295' title='bbox 412 2676 638 2718; x_wconf 86' lang='lat' dir='ltr'>lamblichi</span> <span class='ocrx_word' id='word_1_296' title='bbox 665 2677 771 2718; x_wconf 86' lang='lat' dir='ltr'>illud</span> <span class='ocrx_word' id='word_1_297' title='bbox 799 2676 908 2731; x_wconf 85' lang='lat' dir='ltr'>(vita</span> <span class='ocrx_word' id='word_1_298' title='bbox 933 2677 1117 2733; x_wconf 83' lang='lat' dir='ltr'>Pythag.</span> <span class='ocrx_word' id='word_1_299' title='bbox 1146 2677 1247 2734; x_wconf 67' lang='lat'>104)</span> <span class='ocrx_word' id='word_1_300' title='bbox 1274 2677 1345 2719; x_wconf 84' lang='grc' dir='ltr'><strong><em>καὶ</em></strong></span> <span class='ocrx_word' id='word_1_301' title='bbox 1372 2680 1453 2731; x_wconf 73' lang='grc' dir='ltr'>γὰρ</span> <span class='ocrx_word' id='word_1_302' title='bbox 1481 2679 1527 2720; x_wconf 80' lang='grc' dir='ltr'>οἱ</span> <span class='ocrx_word' id='word_1_303' title='bbox 1549 2679 1595 2721; x_wconf 77' lang='grc' dir='ltr'>ἐκ</span> <span class='ocrx_word' id='word_1_304' title='bbox 1620 2687 1699 2722; x_wconf 88' lang='grc' dir='ltr'>τοῦ</span> <span class='ocrx_word' id='word_1_305' title='bbox 1725 2682 1846 2722; x_wconf 80' lang='grc' dir='ltr'><strong><em>διδα-</em></strong></span> 
     </span>
     <span class='ocr_line' id='line_1_37' title="bbox 288 2746 1846 2803; baseline 0.004 -17"><span class='ocrx_word' id='word_1_306' title='bbox 288 2749 490 2787; x_wconf 84' lang='grc' dir='ltr'><strong><em>σκαλείου</em></strong></span> <span class='ocrx_word' id='word_1_307' title='bbox 517 2748 675 2788; x_wconf 83' lang='grc' dir='ltr'><strong><em>τούτου</em></strong></span> <span class='ocrx_word' id='word_1_308' title='bbox 708 2746 818 2803; x_wconf 81' lang='lat' dir='ltr'>(scil.</span> <span class='ocrx_word' id='word_1_309' title='bbox 847 2755 924 2789; x_wconf 85' lang='grc' dir='ltr'>τοῦ</span> <span class='ocrx_word' id='word_1_310' title='bbox 952 2748 1286 2803; x_wconf 78' lang='grc' dir='ltr'><strong><em>Πυθαγορείου)</em></strong></span> <span class='ocrx_word' id='word_1_311' title='bbox 1316 2753 1500 2803; x_wconf 81' lang='grc' dir='ltr'><strong><em>μαλιστα</em></strong></span> <span class='ocrx_word' id='word_1_312' title='bbox 1528 2748 1573 2791; x_wconf 76' lang='grc' dir='ltr'>δὲ</span> <span class='ocrx_word' id='word_1_313' title='bbox 1601 2751 1648 2792; x_wconf 81' lang='lat'>01‘</span> <span class='ocrx_word' id='word_1_314' title='bbox 1668 2754 1846 2793; x_wconf 89' lang='grc' dir='ltr'><strong><em>παλαιό-</em></strong></span> 
     </span>
     <span class='ocr_line' id='line_1_38' title="bbox 285 2815 1845 2876; baseline 0.004 -20"><span class='ocrx_word' id='word_1_315' title='bbox 285 2831 405 2857; x_wconf 83' lang='grc' dir='ltr'><strong><em>τατοι</em></strong></span> <span class='ocrx_word' id='word_1_316' title='bbox 444 2815 514 2857; x_wconf 85' lang='grc' dir='ltr'><strong><em>καὶ</em></strong></span> <span class='ocrx_word' id='word_1_317' title='bbox 554 2817 670 2873; x_wconf 78' lang='grc' dir='ltr'><strong><em>αὐτῷ</em></strong></span> <span class='ocrx_word' id='word_1_318' title='bbox 705 2822 1072 2873; x_wconf 77' lang='grc' dir='ltr'><strong><em>συγχρονίσαντες</em></strong></span> <span class='ocrx_word' id='word_1_319' title='bbox 1110 2817 1181 2860; x_wconf 85' lang='grc' dir='ltr'><strong><em>καὶ</em></strong></span> <span class='ocrx_word' id='word_1_320' title='bbox 1214 2820 1567 2872; x_wconf 73' lang='grc' dir='ltr'><strong><em>μαθητεύσαντες</em></strong></span> <span class='ocrx_word' id='word_1_321' title='bbox 1598 2827 1656 2876; x_wconf 83' lang='grc' dir='ltr'>τῷ</span> <span class='ocrx_word' id='word_1_322' title='bbox 1692 2825 1845 2863; x_wconf 83' lang='grc' dir='ltr'><strong><em>Πυθα-</em></strong></span> 
     </span>
     <span class='ocr_line' id='line_1_39' title="bbox 287 2888 1845 2945; baseline 0.004 -19"><span class='ocrx_word' id='word_1_323' title='bbox 287 2889 396 2942; x_wconf 66' lang='grc' dir='ltr'>γόρᾳ</span> <span class='ocrx_word' id='word_1_324' title='bbox 436 2888 695 2942; x_wconf 73' lang='grc' dir='ltr'><strong><em>πρεσβύτῃ</em></strong></span> <span class='ocrx_word' id='word_1_325' title='bbox 738 2888 844 2929; x_wconf 83' lang='grc' dir='ltr'><strong><em>νεόι</em></strong></span> <span class='ocrx_word' id='word_1_326' title='bbox 887 2891 1106 2938; x_wconf 72' lang='grc' dir='ltr'><strong><em>Φιλόλαός</em></strong></span> <span class='ocrx_word' id='word_1_327' title='bbox 1143 2905 1187 2931; x_wconf 80' lang='grc' dir='ltr'>τε</span> <span class='ocrx_word' id='word_1_328' title='bbox 1225 2888 1292 2930; x_wconf 78' lang='grc' dir='ltr'><strong><em>καὶ</em></strong></span> <span class='ocrx_word' id='word_1_329' title='bbox 1315 2924 1469 2930; x_wconf 89' lang='grc'>......</span> <span class='ocrx_word' id='word_1_330' title='bbox 1486 2890 1726 2945; x_wconf 83' lang='grc' dir='ltr'><strong><em>Ἀλκμαίων</em></strong></span> <span class='ocrx_word' id='word_1_331' title='bbox 1757 2896 1845 2933; x_wconf 78' lang='grc' dir='ltr'><strong><em>κτλ.</em></strong></span> 
     </span>
    </p>
   </div>
   <div class='ocr_carea' id='block_1_3' title="bbox 988 2969 2125 3439">
    <p class='ocr_par' dir='ltr' id='par_1_6' title="bbox 988 2969 2125 3439">
     <span class='ocr_line' id='line_1_40' title="bbox 988 2969 2125 3439; baseline 0 0"><span class='ocrx_word' id='word_1_332' title='bbox 988 2969 2125 3439; x_wconf 95' lang='lat' dir='ltr'> </span> 
     </span>
    </p>
   </div>
  </div>
 </body>
</html>
