2125 3439
793 255 848 260 „⁴
915 231 1083 272 13—

303 334 499 378 Μωϋσέα
532 335 558 389 ἡ
584 341 784 388 παροῦσα
817 334 1042 385 ξυνέτασις
1067 343 1155 377 τῶν
1181 337 1352 390 χρόνων
1381 335 1588 389 γενέσθαι
1615 338 1720 378 κατὰ

302 405 505 460 Κέκροπα
538 407 806 458 συνίστησιν.
819 404 850 460 ¹)

194 477 257 517 18.
306 475 410 517 Ibid.
449 475 468 515 I
515 476 612 529 122,
652 475 720 516 13:
761 473 1028 528 Ἑλληνικῶν
1067 479 1328 530 φιλοσόφων
1367 477 1485 526 ὅστις
1522 475 1622 518 ποτὲ
1664 475 1719 531 ἦν

301 546 465 594 ἐκεῖνος
487 578 495 585 .
518 579 525 586 .
547 578 555 585 .
578 578 585 585 .
609 546 694 598 πρὸ
739 544 848 600 τῶν;
866 546 1149 599 Σεμιράμεως
1189 550 1362 601 χρόνων
1407 550 1483 589 τὸν
1523 547 1718 589 [Ἀωϋσεά

299 615 505 669 γενέσθαι
539 618 658 670 φησί.
670 614 703 672 ²)

195 699 255 739 19.
301 698 447 739 lbid.I
480 699 573 753 120,
596 702 636 740 1:
669 698 777 740 ἀλλὰ
803 697 876 740 καὶ
897 696 1119 752 Ἑλλήνων
1146 698 1198 740 δέ
1220 715 1333 748 τινες
1362 701 1585 754 ι’στοροῦσι
1612 702 1717 742 κατὰ

298 771 399 818 τοὺς
431 768 591 818 αὐτοὺς
621 771 810 824 χρόνους
841 768 1049 823 γενέσθαι
1084 769 1335 825 Μωϋσέα.2)

187 852 253 893 20.
299 850 545 893 Alexander
580 851 826 906 Polyhistor
865 853 976 906 apud
1019 851 1141 906 Sync.
1177 868 1214 907 p.
1247 853 1304 893 50
1342 853 1404 894 ed.
1438 852 1591 894 Bonn.:
1633 856 1718 907 ij-

299 934 467 977 ρωσσος
507 921 554 964 ἐν
592 928 642 977 τῇ
675 923 822 978 πρώτῃ
860 930 947 964 τῶν
983 925 1338 977 Βαβυλωνιακῶν
1370 934 1477 977 φησι
1511 922 1714 976 γενέσθαι

298 991 378 1047 μὲν
405 993 538 1035 αὐτὸν
564 991 657 1034 κατ’
678 991 967 1047 Ἀλέξανδρον
993 995 1070 1035 τὸν
1099 996 1323 1035 Φιλίππου
1351 995 1430 1048 τὴν
1456 994 1643 1047 ἡλικίαν.
1670 1020 1684 1022 -
1715 1021 1719 1023 -

304 1063 518 1106 Γενέσθαι
551 1064 738 1119 intelligi
771 1069 1038 1118 γεγενῆσθαι
1073 1068 1222 1106 vetant
1257 1066 1384 1106 verba
1418 1080 1526 1119 quae
1554 1082 1577 1106 a
1604 1065 1721 1118 γενέ»

299 1139 404 1176 σθαι
433 1135 592 1176 secludi
620 1139 840 1189 nequeunt
867 1137 947 1189 τὴν
974 1135 1148 1189 ἡλικίαν
1175 1140 1230 1191 (v.
1259 1134 1402 1191 infra).
1455 1134 1545 1177 Nec
1575 1142 1722 1178 contra.

305 1207 408 1247 dicit
435 1209 678 1259 temporum
707 1206 830 1246 ratic.
875 1205 987 1246 Nam
1016 1206 1173 1247 librum
1203 1207 1253 1247 de
1281 1207 1408 1247 rebus
1430 1207 1721 1261 Babylonicis‚

301 1291 428 1331 quem
462 1276 513 1316 ad
541 1275 728 1330 primum
756 1276 974 1335 illebmisit
1002 1277 1278 1331 Antiochum,
1312 1277 1425 1319 circa
1453 1293 1611 1319 annum
1637 1280 1722 1319 ⁸28⁴>

302 1348 484 1389 edidisse
519 1347 687 1388 videtur
720 1345 915 1402 (Olinton
944 1347 1065 1389 Fasti
1093 1342 1305 1389 Hcllenici
1340 1349 1391 1389 ad
1424 1363 1581 1389 annum
1618 1350 1721 1399 2793

301 1418 456 1460 Miiller
488 1417 723 1473 F1·g.Hist.
747 1416 816 1459 Gr.
838 1417 878 1458 II
900 1416 1021 1474 492),
1056 1419 1116 1459 ita
1148 1422 1196 1459 ut
1230 1419 1293 1459 vel
1321 1422 1419 1460 ante
1448 1434 1607 1459 annum
1635 1420 1722 1460 340

297 1493 423 1531 natus
451 1504 542 1530 esse
568 1489 721 1543 possit.
773 1488 953 1530 Accedit
973 1490 1085 1544 quod
1107 1489 1259 1531 Berosi
1281 1490 1476 1544 exemplo
1498 1489 1721 1531 Manetho—

296 1576 393 1603 nem
415 1561 466 1602 ad
482 1575 622 1601 rerum
641 1560 1007 1615 Aegyptiacarum
1029 1561 1254 1602 historiam
1278 1560 1632 1602 conscribendam
1653 1561 1721 1601 ad-

297 1633 471 1674 ductum
499 1646 590 1673 esse
620 1631 843 1685 Syncellus
872 1631 1006 1672 tradit
1033 1630 1091 1687 (p.
1121 1632 1174 1672 29
1204 1632 1266 1673 ed.
1288 1630 1462 1687 Bonn.):
1499 1665 1506 1672 .
1528 1666 1535 1672 .
1559 1666 1565 1673 .
1588 1632 1720 1673 .κατὰ

295 1705 478 1757 μίμησιν
504 1703 748 1756 Βηρώσσου
781 1701 1062 1755 πεπλασμένα
1095 1703 1201 1743 κατὰ
1234 1704 1336 1751 τοὺς
1369 1702 1530 1752 αὐτοὺς
1563 1704 1721 1758 σχεδόν

295 1788 380 1815 που
413 1775 599 1828 χρόνους
628 1772 653 1826 ἢ
681 1773 838 1827 μικρὸν
865 1771 1063 1825 ὕστερον.
1115 1771 1421 1814 Manetlionem
1456 1777 1599 1814 autem
1635 1775 1716 1814 iam

296 1845 435 1900 primo
461 1847 510 1885 ut
538 1841 748 1899 videturff)
772 1843 1022 1884 Ptolemaeo
1052 1846 1259 1899 regnante
1281 1844 1529 1898 pontificem
1552 1844 1720 1900 Aegyp-

272 2022 305 2065 1)
333 2020 386 2055 Cf.
414 2019 546 2055 Euseb.
584 2019 612 2053 ΙΙ
645 2023 682 2063 8,
709 2024 731 2054 4
765 2018 926 2054 Schune:
965 2021 1105 2063 Μωσῆς
1131 2019 1226 2054 κατὰ
1260 2018 1437 2064 Κέκροπα
1473 2020 1540 2064 τὴν
1572 2020 1720 2064 ἡλικίαν

155 2080 333 2125 ἀκμάσας.

269 2142 305 2182 2)
333 2136 520 2173 Γενέσθαι
546 2137 731 2181 quomodo
759 2137 808 2172 sit
832 2137 1140 2182 intelligendum,
1174 2138 1309 2172 docent
1341 2150 1433 2182 quos
1467 2140 1576 2173 modo
1610 2138 1716 2172 attuli

152 2198 314 2243 syncelli
341 2198 412 2232 loci
441 2197 571 2232 eodem
597 2208 616 2230 e
643 2198 818 2232 contextu
846 2197 994 2241 sumpti.

271 2258 307 2302 3)
335 2257 559 2301 Discrepant
591 2256 652 2300 qui
686 2256 730 2290 de
764 2254 943 2300 Serapide
974 2256 1243 2290 Alexandream
1278 2257 1460 2291 translato
1493 2257 1720 2301 scripserunt

152 2327 234 2351 cum
262 2315 345 2351 aliis
378 2315 424 2350 de
451 2315 560 2350 rebus
593 2317 671 2349 turn
705 2315 749 2350 de
782 2316 991 2360 temporum
1027 2316 1181 2349 ratione.
1234 2316 1287 2349 De
1314 2316 1457 2360 Lagida
1483 2317 1720 2351 consentiunt

156 2376 373 2411 Plutarchus
407 2375 445 2419 (l.
466 2374 506 2420 l.)
537 2375 575 2409 et
599 2373 749 2409 Tacitus
783 2374 867 2408 hist.
897 2374 944 2408 lV
968 2378 1023 2409 83.
1051 2376 1105 2409 84.
1163 2375 1213 2408 At
1245 2374 1414 2409 Clemens
1448 2380 1576 2420 (protr.
1606 2375 1651 2409 lV
1674 2380 1718 2410 48

152 2445 237 2479 pag.
264 2438 308 2468 42
341 2433 441 2477 Pott)
473 2433 760 2478 Philadelphum
800 2435 879 2468 tum
922 2444 1097 2477 regnasse
1135 2436 1270 2469 narrat.
1323 2435 1450 2478 Neque
1489 2436 1613 2469 tamen
1646 2434 1718 2469 fide

153 2492 296 2538 indigni
323 2504 402 2527 esse
441 2491 496 2526 illi
529 2491 711 2527 videntur.
762 2493 856 2527 Nam
883 2492 1104 2528 Plutarchus
1137 2493 1336 2538 diligenter
1369 2493 1406 2527 id
1442 2493 1559 2537 ipsum
1594 2494 1719 2528 studet

152 2554 194 2586 nt
226 2553 270 2586 dc
303 2551 405 2586 cultu
437 2562 480 2585 ac
512 2550 692 2595 religione
729 2551 969 2596 Aegyptiacis
1008 2563 1120 2596 quam
1155 2552 1432 2587 accuratissime
1465 2552 1638 2595 disserat,
1680 2556 1719 2587 et

152 2611 304 2646 Tacitus
331 2623 441 2655 quem
467 2621 576 2645 nemo
603 2610 721 2644 nescit
747 2621 856 2655 quam
885 2610 935 2645 sit
961 2612 1103 2655 cautus,
1131 2623 1354 2657 quamquain
1383 2623 1462 2646 esse
1490 2611 1553 2656 qui
1575 2611 1714 2647 dissen-

152 2671 250 2706 tiant
283 2682 355 2705 non
382 2669 534 2715 ignorat
565 2671 609 2714 (c.
632 2672 708 2713 84),
740 2671 865 2704 tamen
898 2669 1017 2713 primo
1043 2671 1258 2706 Ptolemaeo
1291 2673 1470 2715 regnante
1503 2671 1612 2705 deum
1639 2683 1716 2708 esse

151 2730 348 2765 advectum
384 2730 607 2764 contendere
640 2740 711 2764 non
739 2728 903 2771 dubitat,
937 2728 1026 2773 ipsis
1052 2728 1318 2773 Aegyptiorum
1349 2729 1595 2774 antistitibus,
1629 2730 1663 2766 h.
1685 2744 1714 2766 υ.

152 2788 232 2834 ipso
259 2789 416 2824 fortasse
438 2788 673 2831 Manethone,
703 2799 782 2823 sese
804 2788 871 2822 niti
895 2788 1081 2823 confessus
1108 2790 1152 2832 (c.
1175 2791 1245 2833 83).
1292 2789 1367 2824 Iam
1391 2788 1550 2834 Cyrillus
1577 2790 1628 2834 (in
1649 2790 1716 2826 Iul.

151 2860 235 2893 pag.
260 2852 300 2882 13
329 2848 481 2892 Spanh.)
520 2847 731 2892 olympiade
768 2851 833 2881 1⁶24
865 2849 910 2891 (a.
939 2848 1021 2881 Chr.
1051 2849 1266 2893 284—281)
1303 2848 1411 2883 deum
1444 2849 1603 2884 accitum
1637 2860 1716 2885 esse

151 2909 292 2943 narrat.
339 2906 438 2951 Ergo
464 2907 563 2941 haud
591 2907 666 2942 scio
693 2918 738 2941 an
765 2907 851 2941 inde
872 2906 1125 2942 controversia
1144 2909 1225 2942 orta
1246 2908 1305 2950 sit,
1332 2909 1441 2952 quod,
1471 2920 1553 2942 eum
1574 2908 1717 2953 Lagida

151 2977 246 3001 anno
267 2970 334 3000 285
356 2965 643 3011 Philadelphum
665 2967 700 3001 in
723 2967 826 3010 regni
848 2966 1064 3001 societatem
1086 2967 1358 3012 assumpsisset,
1381 2979 1476 3002 anno
1498 2973 1565 3003 283
1588 2971 1712 3003 autem
