2125 3439
195 366 465 408 harmoniam
492 367 558 409 vel
585 367 938 409 clisharmoniam:
971 369 1018 409 τὸ
1053 375 1174 422 σῶμα
1206 373 1284 409 τοῦ
1317 366 1559 422 ἀνθρώπου
1592 370 1677 422 ἔχει
1711 368 1757 410 ἐν

196 435 343 494 ἑωυτῷ
387 432 493 492 αἷμα
537 436 609 479 καὶ
648 436 818 492 φλέγμα
859 437 931 479 καὶ
970 439 1104 492 χολὴν
1145 438 1314 492 ξανθήν
1354 454 1397 479 τε
1436 437 1508 480 καὶ
1547 437 1757 492 μέλαιναν

194 506 264 549 καὶ
296 506 415 550 ταῦτ’
449 507 570 550 ἐστὶν
602 507 719 564 αὐτῷ
751 507 776 560 ἡ
809 508 943 562 φύσις
973 514 1052 549 τοῦ
1085 508 1282 562 σώματος
1313 507 1383 550 καὶ
1411 507 1470 550 δι’
1500 509 1608 551 αὐτὰ
1635 509 1761 563 ἀλγεῖ

195 577 267 620 καὶ
293 578 493 632 ὑγιαίνει.
538 577 727 631 ὑγιαίνει
752 575 832 631 μὲν
853 574 934 618 οὖν
955 578 1154 631 μάλιστα,
1182 579 1287 620 ὅταν
1313 582 1496 633 μετρίως
1522 582 1596 636 ἔχῃ
1622 587 1756 622 ταῦτα

192 650 301 703 πρὸς
338 649 504 702 ἄλληλα
543 648 756 702 δυνάμιος
793 646 865 689 καὶ
902 653 981 690 τοῦ
1019 651 1213 702 πλήθεος
1251 648 1322 690 καὶ
1357 650 1544 703 μάλιστα
1583 667 1754 705 μεμειγ-

190 717 298 773 μένα
335 714 380 775 ᾖ·
420 718 546 772 ἀλγεῖ
574 716 612 760 δ’
645 718 750 760 ὅταν
787 719 957 760 τούτων
995 734 1035 759 τι
1075 720 1262 760 ἔλασσον
1301 719 1325 773 ἣ
1365 724 1517 762 πλεῖον
1556 726 1755 777 χωρισθῇ

191 788 239 831 ἐν
270 796 329 846 τῷ
356 790 522 843 σώματι
554 788 626 830 καὶ
658 790 715 844 μὴ
742 788 1013 844 κεκρημένον
1045 785 1072 845 ᾗ
1098 796 1210 831 τοῖσι
1237 795 1343 831 πᾶσι
1377 788 1446 846 (de
1474 795 1559 833 nat.
1587 793 1701 833 hom.
1729 794 1755 833 4

190 881 246 894 =
273 860 335 902 VI
363 860 432 915 38,
460 861 512 901 19
540 858 620 916 L.).
682 859 794 915 Ipsis
828 860 965 916 igitur
1000 860 1113 902 sucis
1153 860 1214 901 nil
1247 861 1386 902 inesse
1420 862 1590 903 videtur
1624 862 1753 904 noxii.

189 930 339 986 Itaque
378 945 463 972 non
502 931 659 972 mirum
707 931 819 986 quod
858 945 945 973 non
983 931 1123 973 solum
1161 930 1433 985 γινομένοισι
1472 934 1753 986 συγγίγνεται

187 999 258 1042 καὶ
303 1002 369 1043 ἔνι
412 1000 478 1043 ἀεὶ
523 1000 571 1043 ἐν
612 1007 670 1058 τῷ
710 1002 875 1056 σώματι
920 1001 1054 1044 πλέον
1098 1002 1124 1056 ἢ
1162 1003 1349 1044 ἔλασσον
1395 1001 1464 1058 (de
1503 1004 1638 1044 morb.
1673 1003 1693 1044 I
1727 1006 1753 1044 2

187 1092 242 1105 =
270 1071 331 1113 Vl
362 1072 463 1124 142,
496 1070 630 1128 15)¹)‚
669 1072 742 1114 sed
776 1073 907 1114 etiam
940 1073 983 1114 in
1017 1073 1178 1114 semine
1211 1072 1298 1114 iam
1330 1073 1480 1114 insunt
1512 1071 1581 1130 (de
1615 1075 1752 1115 morb.

188 1141 250 1183 IV
275 1142 332 1183 32
359 1163 413 1176 =
441 1141 524 1184 VII
552 1144 650 1197 542,
678 1144 703 1185 9
731 1142 808 1198 L.).
864 1144 995 1186 Vides
1028 1143 1106 1186 hos
1141 1144 1328 1186 medicos
1363 1159 1459 1186 cum
1491 1143 1751 1186 Alcmaeone

186 1213 428 1255 consentire
473 1214 522 1256 de
567 1214 797 1256 humorum
844 1215 1053 1269 qualitate
1097 1215 1293 1270 innoxia,
1337 1215 1566 1257 dissentire
1613 1219 1656 1257 et
1700 1217 1750 1257 de

187 1284 352 1338 origine
385 1286 429 1325 et
460 1287 617 1326 natura
650 1288 693 1326 et
725 1299 915 1326 numero.

302 1354 438 1396 Porro
466 1355 638 1410 longius
665 1355 718 1396 ab
747 1356 896 1397 eodem
929 1356 1094 1398 distant
1121 1357 1158 1397 ei
1192 1357 1266 1411 qui
1293 1372 1314 1398 e
1343 1357 1538 1399 ciborum
1565 1358 1749 1400 residuis

183 1426 503 1468 abundantibus
530 1425 600 1481 (τὰ
626 1425 954 1483 περισσώματα)
977 1428 1150 1468 morbos
1179 1428 1283 1468 oriri
1309 1428 1473 1482 volunt,
1501 1428 1589 1469 sive
1616 1444 1748 1470 unum

182 1497 270 1539 sive
303 1497 448 1551 plures
485 1497 687 1539 humores
726 1500 931 1540 nocentes
971 1512 1020 1539 ex
1054 1498 1115 1540 eis
1157 1499 1275 1540 nasci
1315 1498 1559 1553 opinantur.
1623 1498 1750 1541 Patet

181 1568 295 1609 enim
322 1568 531 1610 eiusmodi
557 1568 759 1611 humores
786 1583 872 1610 non
899 1569 952 1610 ab
974 1569 1100 1610 initio
1122 1569 1293 1624 corpori
1319 1568 1470 1625 inesse,
1498 1570 1571 1612 sed
1591 1573 1744 1624 postea

181 1638 305 1695 gigni
338 1653 495 1694 eosque
534 1640 650 1694 παρὰ
685 1639 836 1694 φύσιν.
899 1639 1036 1688 Quam
1076 1640 1335 1682 sententiam
1375 1655 1472 1682 cum
1511 1641 1747 1684 multorum

179 1710 443 1752 medicorum
486 1709 620 1751 fuisse
666 1711 817 1752 doceat
862 1714 1013 1753 auctor
1052 1710 1310 1766 Menoneus,
1361 1711 1467 1752 satis
1513 1711 1650 1753 habeo
1694 1713 1747 1753 ad

179 1779 384 1823 Herodici
409 1779 550 1822 Cnidii
577 1779 676 1837 (col.
696 1780 758 1823 IV
780 1780 856 1838 40)
882 1782 1091 1836 placitum
1118 1784 1160 1823 te
1187 1782 1396 1837 delegare,
1425 1782 1492 1823 cui
1520 1782 1743 1824 simillima

181 1853 248 1892 est
267 1851 486 1893 Timothei
506 1851 797 1906 Metapontini
825 1852 969 1907 opinio
997 1851 1186 1908 (Menon.
1215 1845 1292 1894 c'ol.
1316 1851 1423 1894 VIII
1447 1852 1533 1908 10),
1559 1868 1744 1908 quacum

181 1922 349 1964 confert
380 1922 596 1964 Dielesius
629 1926 848 1965 auctorem
881 1924 930 1964 de
965 1924 1042 1965 loc.
1076 1924 1120 1965 in
1151 1924 1265 1966 hom.
1295 1924 1317 1964 1
1353 1922 1433 1978 (VI
1459 1925 1557 1978 276,
1585 1924 1633 1965 12
1660 1923 1738 1979 L.).

296 2004 526 2046 Praeterea
556 2018 643 2046 non
669 2005 823 2047 desunt
855 2005 926 2059 qui
960 2005 1319 2060 philosophorum
1351 2006 1400 2047 dc
1429 2021 1514 2047 uno
1543 2007 1735 2061 corporis

177 2075 389 2116 elemento
433 2075 620 2130 ineptias
665 2074 844 2130 secuti2)
890 2090 1022 2117 unum
1067 2076 1110 2117 in
1155 2090 1333 2131 corpore
1379 2077 1602 2119 humorem
1644 2092 1737 2119 esse

299 2229 330 2271 l)
348 2223 452 2272 Ἔχει
472 2226 539 2272 μὲν
560 2225 626 2262 οὖν
647 2226 772 2262 πάντα
793 2226 886 2271 (scil.
908 2225 1064 2273 φλέγμα,
1090 2227 1202 2273 χολὴν
1224 2227 1384 2271 ξανθήν,
1410 2229 1522 2273 χολὴν
1544 2227 1737 2274 μέλαιναν,

176 2283 282 2330 αἷμα)
307 2285 366 2321 ἀεὶ
392 2286 432 2320 τὸ
459 2291 562 2331 σῶμα
589 2291 652 2321 τοῦ
680 2286 886 2330 ἀνθρώπου
913 2286 972 2330 (de
999 2287 1074 2320 nat.
1097 2286 1195 2321 hom.
1223 2298 1252 2321 c.
1275 2291 1293 2321 7
1316 2304 1359 2316 =
1380 2287 1430 2321 VI
1452 2290 1496 2321 48
1520 2287 1583 2331 L.).

294 2346 329 2389 2)
355 2344 409 2379 De
428 2347 505 2381 nat.
526 2345 624 2380 hom.
649 2350 664 2379 1
687 2344 751 2389 (Vl
772 2349 829 2388 32,
854 2349 869 2379 1
893 2345 964 2389 L.):
992 2344 1090 2385 ὅστις
1109 2343 1177 2389 μὲν
1198 2343 1265 2380 οὖν
1286 2347 1422 2380 εἴωθεν
1443 2346 1597 2380 ἀκούειν
1618 2345 1742 2390 λεγόν-

176 2417 250 2439 των
276 2403 372 2448 ἀμφὶ
397 2408 461 2448 τῆς
487 2403 620 2448 φύσιος
645 2408 709 2448 τῆς
735 2404 976 2448 ἀνθρωπείης
1001 2403 1219 2449 προσωτέρω
1252 2403 1271 2448 ἢ
1300 2404 1386 2439 ὅσον
1419 2405 1531 2449 αὐτῆς
1564 2404 1599 2444 ἐς
1627 2403 1741 2449 ἰατρι-

176 2462 246 2508 κὴν
272 2462 423 2507 ἀφήκει,
449 2464 564 2508 τούτῳ
591 2460 659 2507 μὲν
686 2463 752 2497 οὐκ
780 2460 989 2506 ἐπιτήδειος
1016 2462 1078 2497 ὅδε
1106 2462 1124 2497 ὁ
1152 2461 1257 2508 λόγος
1283 2463 1446 2498 ἀκούειν.
1493 2462 1575 2497 οὔτε
1603 2462 1674 2508 γὰρ
1701 2463 1740 2497 τὸ

174 2521 332 2567 πάμπαν
358 2521 451 2566 ’ἠέρα
477 2520 567 2566 λέγω
595 2521 800 2565 ἄνθρωπον
834 2519 931 2556 εἶναι
964 2522 1046 2557 οὔτε
1081 2528 1154 2566 πῦρ
1188 2522 1270 2557 οὔτε
1306 2521 1404 2564 ὕδωρ
1438 2522 1519 2557 οὔτε
1554 2528 1623 2567 γῆν
1657 2522 1739 2557 οὔτε

175 2582 262 2617 ἄλλο
284 2579 395 2616 οὐδὲν
417 2579 435 2615 ὅ
455 2594 489 2615 τι
508 2580 556 2625 μὴ
578 2580 744 2624 φανερόν
766 2577 864 2615 ἐστιν
886 2577 991 2615 ἐνεὸν
1013 2577 1053 2615 ἐν
1073 2581 1121 2627 τῷ
1144 2581 1351 2628 ἀνθρώπῳ·
1380 2581 1471 2615 ἀλλὰ
1497 2585 1591 2617 τοῖσι
1612 2583 1740 2628 βουλο-

174 2639 318 2686 μένοισι
343 2645 459 2674 ταῦτα
490 2637 609 2683 λέγειν
635 2640 804 2684 παρίημι.
857 2638 997 2681 Quibus
1025 2641 1262 2684 opponuntur
1296 2639 1335 2674 οἷ
1358 2639 1481 2684 ἰητροί
1509 2642 1554 2685 (c.
1582 2645 1601 2674 2
1630 2640 1734 2685 init).

175 2700 250 2734 Hos
276 2699 373 2735 inter
399 2697 563 2734 medicos
590 2697 699 2732 nimis
726 2697 985 2743 philosophiae
1012 2698 1159 2733 deditos
1187 2698 1407 2733 numerandi
1434 2701 1518 2734 sunt
1543 2698 1736 2734 Philolaus

176 2759 214 2794 ct
232 2757 368 2803 Hippo,
395 2769 486 2803 quos
513 2767 619 2793 veros
646 2756 808 2792 medicos
834 2767 907 2791 non
934 2757 1047 2792 fuisse
1074 2758 1112 2792 et
1130 2756 1292 2793 Philolai
1323 2759 1366 2793 de
1388 2757 1525 2803 pituita
1551 2759 1589 2792 et
1615 2758 1739 2793 colera

174 2817 380 2852 sententiae
413 2819 451 2852 et
482 2816 653 2852 Menonei
686 2815 874 2860 scriptoris
909 2826 1004 2860 quae
1038 2815 1222 2861 Hipponis
1255 2817 1377 2852 verbis
1411 2817 1596 2851 adduntur
1629 2826 1737 2851 voces

175 2874 239 2910 καὶ
265 2875 304 2910 τὸ
332 2876 452 2910 αἴτιον
479 2874 593 2916 οὕτως
618 2877 824 2920 νοσολογεῖ,
853 2874 918 2916 τὰς
943 2873 985 2910 δέ
1012 2874 1144 2916 νόσους
1169 2875 1234 2916 τὰς
1259 2875 1480 2922 γιγνομένας
1505 2876 1571 2921 οὐχ
1597 2877 1738 2920 ὑπαγο-

175 2934 275 2979 ρεύει
302 2933 504 2969 clarissime
532 2934 742 2970 ostendunt.
794 2933 848 2969 Ne
876 2945 920 2969 ea
946 2934 1093 2978 quidem
1127 2946 1221 2979 quae
1250 2935 1477 2970 Heraclitum
1511 2938 1659 2970 secutus
1690 2935 1735 2969 de

174 2993 520 3039 πολυμαθημοσύνῃ
548 2992 643 3028 dixit
669 2993 790 3039 Hippo
819 2994 968 3038 (Athen.
991 2997 1059 3029 610
1080 2993 1123 3038 Β)
1150 2994 1332 3030 medicum
1359 2994 1528 3029 redolere
1554 2994 1733 3029 videntur.

1403 3052 1450 3088 7ss
