2125 3439
1010 207 1301 248 -44-

383 320 431 361 τὸ
463 315 556 370 οὖς]
590 317 651 365 εἰς
682 313 762 370 μὲν
793 316 871 357 τὸν
897 311 1137 367 ἐγκέφαλον
1171 310 1251 353 οὐκ
1282 312 1369 366 ἔχει
1399 312 1555 367 πόρον,
1585 311 1647 361 εἰς
1679 309 1727 353 δὲ
1757 312 1835 354 τὸν
1860 319 1939 355 τοῦ

386 391 596 441 στόματος
623 383 846 440 οὐρανόν).
900 383 1114 437 Equidem
1140 382 1193 424 ab
1219 380 1370 424 Unnae
1398 384 1525 436 atque
1553 381 1794 438 Sprengelii
1821 381 1941 438 (Ver-

386 458 478 500 suclae
506 472 536 498 e.
557 470 717 510 ywaym.
742 455 884 497 Gesch.
903 455 941 496 d.
962 453 1224 496 Armeiwiss.
1250 468 1290 508 p.
1311 450 1417 509 299)
1442 453 1642 508 partibus
1669 455 1736 495 sto
1762 467 1940 507 prorsus

382 528 632 584 negantium
664 527 814 568 tubam
840 524 1179 567 Eustachianam
1204 525 1258 566 ab
1285 523 1546 567 Alcmaeone
1572 524 1707 566 videri
1732 524 1941 579 potuisse.

503 609 584 651 Sed
610 609 751 650 minus
778 610 893 650 recte
920 607 1057 649 eidem
1082 606 1271 649 Palladis
1298 607 1545 662 opinionem
1571 609 1822 662 sequuntur,
1854 605 1941 661 qui,

382 696 477 723 cum
507 680 549 721 in
579 678 803 735 Spicilegii
828 677 1039 734 zoologici
1071 681 1174 720 tom.
1199 677 1243 718 II
1268 691 1365 733 pag.
1391 678 1448 719 42
1479 675 1640 734 (Berol.
1669 675 1802 733 1776)
1829 677 1942 718 dixe-

383 752 457 792 rit:
497 749 649 791 ‘Plane
688 750 842 792 desunt
880 749 982 790 ibici
1016 748 1256 804 singulares
1293 748 1357 789 illi
1399 748 1518 790 sinus
1557 749 1742 803 cutacei,
1781 748 1942 804 rugosi,

382 822 507 876 caeci,
540 835 647 875 quos
675 821 924 876 rupicaprae
957 834 1067 874 pone
1094 833 1254 861 cornua
1286 819 1488 873 utrinque
1515 818 1711 875 singulos
1738 819 1943 860 exhibent

382 893 621 947 quibusque
654 892 707 933 ab
740 890 997 933 animalibus
1030 889 1230 931 omnibus
1273 903 1365 931 sese
1404 889 1712 944 distinguunt',
1749 889 1836 930 iam
1874 903 1944 930 an-

380 965 504 1004 notat
534 962 614 1004 hos
647 962 766 1003 sinus
799 962 1001 1015 antiquos
1035 973 1203 1016 quoque
1237 959 1470 1015 scriptores
1502 962 1630 1001 notos
1663 959 1867 1001 habuisse
1899 962 1944 1001 et

381 1032 596 1088 spiracula
634 1032 731 1074 illos
770 1034 958 1087 putasse.
1022 1029 1105 1073 Sed
1150 1030 1253 1085 quid
1291 1044 1444 1085 caprae
1484 1030 1656 1086 vulgari
1694 1045 1792 1072 cum
1830 1030 1944 1086 rupi-

381 1105 532 1158 capris,
560 1118 665 1158 quas
687 1103 778 1158 ipse
799 1102 942 1144 Pallas
969 1101 1084 1143 solas
1111 1101 1217 1143 talia
1243 1101 1443 1143 exhibere
1470 1100 1605 1143 dicit?
1650 1099 1766 1142 Nam
1791 1116 1944 1156 parum

381 1176 469 1217 veri
503 1174 704 1216 similiter
737 1177 991 1216 venatorum
1022 1173 1132 1216 hanc
1163 1187 1354 1228 unquam
1385 1172 1519 1214 fuisse
1545 1171 1739 1214 fabulam
1772 1172 1824 1214 ad
1855 1172 1944 1214 vnl-

380 1260 505 1302 gares
545 1248 695 1300 postea
733 1259 882 1300 capras
925 1244 1182 1286 translatam
1221 1243 1453 1286 existimat.
1517 1242 1628 1285 Sunt
1668 1243 1742 1298 qui
1780 1243 1944 1285 similia

381 1315 617 1374 tradant¹):
650 1331 798 1359 omnes
825 1317 875 1358 de
902 1316 1043 1370 capris
1071 1315 1226 1370 quibus
1254 1315 1410 1357 desunt
1436 1314 1555 1356 sinus
1582 1314 1761 1368 cumaei,
1792 1329 1940 1356 omnes

382 1388 432 1429 de
464 1387 569 1442 ipsis
603 1387 777 1429 auribus
809 1387 1064 1442 loquuntur3
1104 1385 1347 1440 complures
1379 1387 1622 1439 pastorum,
1659 1399 1785 1426 nemo
1817 1399 1942 1427 vena-

382 1461 526 1499 torum
560 1457 809 1499 testimonio
837 1457 1002 1498 nititur.
1048 1455 1269 1511 Oppianus
1303 1457 1459 1509 autem,
1493 1454 1567 1509 qui
1599 1454 1718 1496 solus
1744 1455 1795 1497 de
1823 1455 1945 1510 αἰγοέ-

502 1588 535 1627 1)
563 1584 679 1620 Varro
701 1585 734 1619 d.
757 1597 784 1619 r.
806 1596 832 1619 r.
855 1584 940 1619 113:
960 1583 1013 1619 De
1035 1584 1167 1628 quibus
1188 1583 1280 1628 (scil.
1300 1582 1436 1628 capris)
1457 1581 1714 1617 admirandum
1732 1582 1827 1618 illud
1847 1576 1955 1628 quod*

381 1644 494 1679 etiam
523 1643 726 1679 Archelaus
752 1643 899 1686 scribit,
933 1654 1004 1678 non
1037 1645 1080 1678 ut
1110 1641 1254 1686 reliqua
1287 1640 1465 1676 animalia
1495 1640 1666 1686 naribus,
1701 1642 1766 1677 sed
1797 1642 1948 1678 auribus

384 1703 554 1747 spiritum
581 1702 714 1737 ducere
741 1703 859 1736 solere
879 1702 1093 1747 pastorem)
1120 1701 1265 1746 aliquot
1290 1700 1508 1736 curiosiores
1530 1699 1669 1735 dicunt.
1693 1721 1733 1727 —
1756 1700 1850 1738 Plin.
1869 1704 1946 1738 nat.

385 1761 470 1796 hist.
494 1761 576 1795 VllI
604 1765 658 1803 50,
683 1765 744 1796 76:
776 1759 937 1795 Auribus
964 1771 1024 1795 eas
1050 1759 1203 1805 spirare,
1229 1770 1303 1795 non
1328 1760 1491 1804 naribus,
1517 1769 1638 1804 neque
1664 1772 1827 1805 unquam
1853 1759 1948 1796 febri

389 1832 513 1855 carere
538 1819 742 1855 Archelaus
767 1820 898 1854 auctor
923 1820 990 1854 est.
1011 1839 1055 1845 —
1083 1819 1208 1854 Philes
1233 1819 1267 1853 d.
1289 1818 1400 1854 anim.
1419 1818 1597 1864 propriet.
1624 1817 1775 1863 (Poetae
1801 1820 1881 1856 buc.
1909 1820 1947 1854 et

387 1879 520 1914 didact.
549 1891 603 1923 gr.
630 1879 726 1913 edid.
748 1878 860 1913 Lehrs
887 1879 925 1913 et
949 1877 1100 1913 Diibner
1127 1879 1138 1912 l
1162 1879 1237 1922 55):
1270 1877 1338 1922 τὴν
1365 1875 1454 1922 αἶγά
1487 1889 1603 1922 φασιν
1634 1877 1709 1913 ἀπὸ
1741 1883 1814 1914 τῶν
1847 1878 1949 1914 ὤτων

388 1936 528 1981 πνέειν,
552 1935 745 1983 Ἀλγοῦσαν
772 1935 884 1972 οὐδὲν
909 1941 973 1981 τῆς
998 1935 1100 1982 ῤἰνὸς
1125 1935 1400 1982 πεφραγμένης.
1428 1957 1470 1962 -
1500 1935 1677 1982 Origenes
1704 1937 1950 1983 Philosophu-

385 2007 495 2031 mena
516 1997 565 2031 IV
589 2001 630 2031 31
652 1998 752 2041 (pag.
775 2000 817 2031 67
839 1995 1006 2039 Μϋὶ]θι’);
1034 1994 1150 2040 αἰγῶν
1171 1994 1211 2031 δὲ
1232 1994 1304 2031 κᾶν
1325 1992 1488 2041 ε’πιποὲσῃ
1507 2008 1562 2035 τις
1584 2001 1730 2041 κηρωτῇ
1749 1995 1815 2037 τὰς
1834 1995 1951 2038 ἀκοάς

388 2068 481 2100 φασι
512 2054 693 2099 θνήσκειν
725 2054 804 2100 μετ’
834 2055 958 2100 ὀλίγον
984 2056 1169 2090 ἀναπνεῖν
1195 2053 1441 2100 κωλυομένας.
1493 2054 1582 2090 ὁδὸν
1608 2053 1678 2100 γὰρ
1706 2055 1837 2096 αὐταῖς
1861 2055 1951 2090 ταύ-

387 2128 452 2158 την
480 2113 577 2149 εἶναι
603 2113 747 2160 λέγουσι
772 2120 836 2149 τοῦ
864 2113 915 2149 δι’
939 2114 1134 2158 ἀναπνοῆς
1161 2110 1361 2159 ἑλκομένου
1380 2113 1601 2158 πνεύματος.
1623 2134 1667 2139 -
1688 2113 1819 2149 Paullo
1839 2114 1950 2150 aliter
1980 2133 1987 2138 -

387 2174 565 2209 Aelianus
592 2174 677 2210 hist.
699 2173 809 2210 anim.
836 2173 851 2207 I
872 2177 933 2209 53:
961 2171 1036 2218 ἔχει
1061 2186 1096 2208 τι
1120 2171 1376 2218 πλεονέκτημα
1403 2172 1425 2217 ἡ
1452 2172 1532 2216 αἲξ,
1557 2171 1625 2216 τὴν
1650 2178 1715 2207 τοῦ
1741 2172 1951 2218 πνεύματος

383 2231 549 2277 εἰσροήν,
577 2232 624 2273 ὡς
649 2231 688 2267 οἴ
710 2232 922 2278 νομευτικοὶ
947 2231 1048 2277 λόγοι
1074 2231 1138 2266 καὶ
1163 2232 1381 2277 ποιμενικοί
1402 2243 1529 2276 φασιν.
1581 2231 1753 2267 ἀναπνεῖ
1770 2231 1840 2277 γὰρ
1874 2232 1950 2267 καὶ

383 2290 446 2325 διὰ
471 2297 543 2326 τῶν
570 2291 672 2327 ὤτων
705 2291 781 2326 καὶ
806 2291 870 2326 διὰ
902 2297 974 2326 τῶν
1006 2290 1202 2336 μυκτήρων
1234 2290 1298 2325 καὶ
1330 2288 1652 2334 αἰσθητικώτατον
1689 2296 1762 2326 τῶν
1789 2290 1949 2336 διχήλων

387 2346 470 2385 ἐστι’.
499 2371 541 2375 -
570 2350 771 2396 Horapollo
797 2350 1039 2395 Hieroglyph.
1067 2354 1106 2392 2,
1133 2354 1194 2385 68:
1227 2349 1312 2385 τινὰ
1338 2348 1378 2384 δὲ
1405 2348 1500 2384 κατὰ
1525 2349 1566 2384 τὸ
1592 2352 1729 2394 μᾶλλον
1755 2350 1944 2386 ἀκούοντα

383 2407 637 2454 (ἀντιπνέοντα
657 2409 701 2443 ci.
724 2410 850 2452 Pauw)
871 2407 1047 2449 θέλοντες
1073 2413 1234 2454 σημῆναι
1260 2407 1348 2454 αἶγα
1370 2411 1619 2454 ζωγραφοῦσι·
1647 2407 1740 2454 αὕτη
1761 2408 1831 2454 γὰρ
1851 2409 1947 2444 ἀνα-

386 2473 475 2503 πνεῖ
496 2468 558 2503 διὰ
584 2474 656 2503 τῶν
683 2465 872 2513 ῥωθώνων
899 2467 962 2502 καὶ
987 2473 1060 2503 τῶν
1087 2467 1199 2502 ὤτων.
1252 2467 1547 2513 [Horapollinem
1574 2469 1619 2504 de
1645 2478 1778 2513 caprae
1805 2467 1943 2514 signifi-

388 2527 530 2562 catione
563 2538 684 2562 errare
716 2529 753 2562 et
785 2538 878 2571 quae
911 2527 958 2561 ad
991 2526 1279 2562 confirmandam
1313 2538 1416 2562 suam
1450 2527 1661 2572 opinionem
1693 2526 1807 2563 addat
1834 2525 1943 2572 (αὕτη

386 2586 454 2630 γὰρ
473 2614 478 2619 .
497 2589 573 2630 ...)
606 2586 652 2620 ab
684 2586 877 2631 Aegyptiis
910 2586 1033 2621 aliena
1065 2597 1144 2621 esse
1183 2586 1318 2621 docent
1349 2597 1407 2621 me
1447 2586 1510 2630 qui
1541 2586 1674 2621 harum
1706 2596 1828 2620 rerum
1859 2589 1946 2622 sunt

387 2644 506 2689 periti.
558 2645 727 2680 Ceterum
767 2644 983 2690 saepissime
1021 2645 1127 2679 illum
1164 2645 1212 2681 ad
1250 2645 1483 2690 Aegyptiace,
1519 2645 1625 2690 sigua
1663 2644 1944 2690 interpretanda

389 2703 608 2737 Graecorum
635 2703 774 2738 libellis
800 2716 905 2739 usum
932 2715 1010 2739 esse
1043 2703 1182 2739 nemini
1211 2715 1285 2739 non
1310 2704 1444 2751 patet]
1473 2724 1515 2729 —
1543 2704 1786 2748 Aliquantum
1812 2703 1859 2739 ab
1885 2704 1944 2739 his

388 2762 526 2796 recedit
553 2763 739 2806 Oppianus
767 2762 811 2797 de
839 2767 959 2797 venat.
989 2763 1213 2809 113382342:
1245 2762 1441 2808 Αἰγάγροις
1473 2761 1514 2798 δέ
1546 2764 1600 2803 τίς
1632 2759 1707 2798 ἐστι
1739 2759 1791 2797 δι’
1821 2763 1944 2798 αὐτῶν

392 2821 502 2860 αὐλὸς
527 2819 688 2855 ὀδόντων
715 2820 924 2866 Λεπταλέης
949 2827 1098 2866 πνοιῆς,
1131 2821 1275 2867 κεράων
1305 2822 1435 2867 μέσον,
1468 2820 1583 2857 ἔνθεν
1610 2820 1736 2857 ἔπειτα
1761 2821 1883 2867 Αὐτὴν
1910 2819 1948 2863 ἐς

389 2880 544 2922 κραὸίην
577 2879 638 2912 καὶ
670 2880 860 2924 πνεύμονα
895 2880 980 2921 ἰθὺς
1012 2879 1142 2916 ἱκάνει.
1195 2880 1245 2916 Εἰ
1274 2880 1315 2916 δέ
1347 2895 1401 2922 τις
1433 2879 1613 2926 αἰγάγρου
1646 2881 1761 2927 κηρὸν
1791 2879 1943 2927 κέρασιν

388 2938 573 2982 περιχεύῃ,
604 2940 704 2981 Ζωῆς
730 2935 932 2980 ἐξέκλεισεν
959 2939 1069 2980 ὁδοὺς
1092 2945 1225 2985 πνοιῆς
1251 2953 1287 2975 τε
1315 2940 1500 2981 διαύλους.
