2125 3439
1009 220 1297 261 ..84—

381 335 429 374 ut
472 329 686 372 isonomia
729 341 876 369 eversa
920 326 1119 367 binorum
1167 323 1484 366 contrariorum
1529 323 1715 364 alterum
1764 322 1940 364 excedat

381 402 555 443 modum
587 400 748 440 iustum
783 412 831 439 ac
861 397 1054 452 legitime
1088 409 1350 437 concessum.
1413 393 1571 436 Carent
1606 392 1720 434 enim
1750 392 1940 434 humana

381 472 526 514 onmia
557 469 820 525 perfectione
854 470 981 522 atque
1015 466 1306 509 absolutione:
1339 464 1584 520 μετάβλητα
1611 466 1725 518 sunt,
1755 465 1805 504 ut
1835 477 1940 505 voce

382 541 670 597 Pythagorica
707 543 823 592 utar,
868 541 911 580 et
953 538 1078 593 plane
1118 537 1335 579 contraria
1380 535 1535 577 divinis
1576 531 1941 590 (ἀμεταβλήτοις),

381 627 488 668 quae
521 626 606 654 non
640 611 780 653 solum
811 609 979 651 unitate
1012 611 1139 663 atque
1174 607 1516 660 immortalitate,
1549 606 1622 647 sed
1655 605 1743 647 veri
1772 619 1941 660 quoque

384 682 671 739 cognoscendi
704 681 912 723 facultate
944 680 1073 735 longe
1099 678 1348 721 hominibus
1375 674 1694 732 antecellunt.¹)
1746 675 1941 730 Denique

384 755 569 796 animam
604 752 894 796 immortalem
928 766 1021 794 esse
1054 750 1226 804 utrique
1259 748 1444 804 professi
1476 750 1588 789 sunt.
1622 771 1675 776 —
1713 746 1805 788 Iam
1844 761 1942 788 cum

381 825 716 868 consideraveris
761 822 823 880 (id
870 823 983 877 quod
1029 821 1227 876 equidem
1271 819 1387 861 haud
1430 819 1553 873 parvi
1596 817 1807 859 momenti
1848 831 1941 858 esse

380 895 552 952 censeo)
586 896 744 938 eisdem
778 894 1083 935 Alcmaeonem
1119 890 1390 945 temporibus
1431 889 1663 943 eodemque
1701 888 1747 929 in
1784 887 1942 942 oppido

380 970 507 1021 atque
539 966 840 1021 Pythagoreos
872 964 1044 1016 vixisse,
1081 962 1184 1016 quin
1217 961 1268 1002 ad
1301 959 1560 1002 Brontinum
1592 958 1868 1014 Pythagorae
1900 960 1944 999 et
1999 959 2002 961 ’

379 1040 688 1079 assectatorem
721 1039 764 1077 et
797 1034 969 1076 affinem
1002 1031 1148 1089 (Diog.
1175 1031 1284 1072 VIII
1317 1032 1393 1085 423
1426 1030 1577 1071 Iambl.
1609 1045 1646 1071 v.
1678 1029 1804 1084 Pyth.
1836 1026 1942 1085 267)

379 1109 538 1150 librum
565 1122 690 1149 suum
724 1121 819 1147 eum
851 1105 1039 1146 misisse:
1073 1103 1164 1145 sine
1191 1103 1322 1144 dubio
1355 1116 1443 1143 non
1469 1101 1609 1144 solum
1637 1100 1944 1142 similitudines

378 1179 492 1220 haud
525 1193 677 1233 parvas
711 1178 824 1218 inter
851 1190 922 1217 eos
949 1175 1212 1216 intercedere
1241 1173 1527 1227 confiteberis,
1561 1173 1633 1214 sed
1665 1171 1796 1213 etiam
1825 1169 1941 1214 casui

381 1250 632 1291 tribuendas
665 1263 736 1291 eas
770 1262 863 1290 esse
895 1244 1131 1302 negabis.2)

498 1320 581 1363 Sed
628 1319 843 1362 Sanderus
889 1315 1156 1359 adversarius
1200 1316 1327 1358 nobis
1372 1315 1554 1356 exsistit.
1618 1313 1764 1369 Negat
1807 1313 1941 1356 ullam

379 1393 491 1433 inter
536 1406 608 1433 eos
654 1390 915 1432 intercedere
962 1387 1310 1440 similitudinem;
1359 1389 1491 1442 negat
1541 1385 1630 1427 ullo
1677 1385 1804 1427 modo
1849 1385 1943 1426 fieri

379 1463 592 1517 potuisse,
625 1464 673 1503 ut
705 1463 779 1502 aut
810 1459 1076 1515 Pythagorei
1107 1457 1415 1500 Alcmaeonem
1449 1459 1524 1498 aut
1551 1457 1754 1498 Alcmaeo
1787 1456 1946 1511 Pytha-

380 1548 535 1588 goreos
569 1535 832 1587 sequeretur.

498 1604 642 1658 Atque
683 1602 982 1657 Pythagoreos
1023 1601 1329 1642 Alcmaeonem
1369 1602 1540 1641 secutos
1580 1613 1673 1640 esse
1714 1592 1973 1652 quominus*

381 1676 603 1717 credamus
636 1689 686 1716 ea
718 1688 762 1714 re
799 1687 877 1714 nos
910 1671 1109 1726 impediri
1144 1670 1359 1712 sanderus
1392 1670 1516 1724 dicit,
1555 1669 1669 1724 quod
1708 1668 1945 1711 dualismus

381 1747 453 1787 illc
481 1744 652 1801 (fragm.
673 1742 822 1799 XXII)
847 1743 1109 1799 principium
1138 1742 1196 1784 sit
1221 1741 1473 1796 disciplinae
1499 1739 1811 1795 Pythagoreae.
1863 1739 1945 1781 Sed

381 1817 543 1871 optime
574 1830 669 1857 mea
697 1815 868 1870 quidem
896 1813 1112 1856 sententia
1134 1812 1323 1854 Zellerus
1346 1810 1408 1867 (l5
1429 1811 1512 1854 359
1527 1826 1600 1865 sq„
1621 1810 1703 1853 387
1716 1808 1798 1866 sq.)
1819 1810 1948 1852 evicit

381 1904 402 1929 e
435 1902 711 1929 numerorum
745 1886 888 1940 potius
923 1883 1117 1926 doctrina
1150 1884 1528 1939 Pythagoreorum
1567 1883 1739 1924 decreta
1769 1881 1944 1923 initium

381 1958 563 2000 duxisse,
627 1958 720 2007 Qua
760 1957 803 1997 in
842 1956 1039 1998 doctrina
1078 1970 1175 1997 cum
1214 1954 1499 1997 contrarietas
1539 1959 1619 1995 τοῦ
1659 1958 1865 2006 περιττοῦ
1902 1955 1946 1994 et

379 2035 458 2071 τοῦ
504 2028 657 2082 ἀρτίου
701 2028 874 2081 lateret,
919 2026 1226 2069 Alcmaeonem
1271 2025 1368 2066 inde
1406 2038 1686 2080 progressum
1728 2023 1946 2065 contraria

383 2100 584 2154 amplecti
618 2114 684 2141 res
717 2099 926 2140 humanas
958 2098 1145 2152 primum
1181 2095 1420 2138 ostendisse
1454 2094 1638 2150 cogitari
1671 2097 1825 2149 potest.

499 2170 634 2212 l'orro
661 2169 967 2212 Alcmaeonem
1002 2184 1024 2209 a
1054 2166 1341 2222 Pythagoreis
1375 2181 1453 2207 sua
1484 2165 1683 2207 didicisse
1715 2167 1946 2220 propterea

383 2242 469 2283 veri
515 2240 850 2283 dissimillimum
897 2254 987 2281 esse
1036 2238 1249 2281 Sanderus
1293 2236 1533 2291 contendit,
1579 2236 1691 2291 quod
1730 2236 1946 2292 Pythago-

382 2328 550 2354 reorum
574 2312 789 2354 contraria
815 2311 860 2352 in
881 2310 1128 2365 cognitione
1150 2309 1296 2364 posita
1316 2309 1416 2362 sint,
1444 2307 1648 2349 Alcmaeo
1669 2322 1750 2349 usu
1772 2308 1948 2363 cognita

508 2431 538 2473 1)
566 2429 755 2463 Philolaus
788 2428 884 2473 apud
915 2427 1114 2463 stobaeum
1137 2425 1311 2460 Ecl.121
1341 2425 1396 2460 ed.
1418 2424 1682 2459 Wachsmuih:
1709 2423 1733 2458 ἁ
1760 2422 1828 2469 μὲν
1855 2421 1946 2459 §aab

384 2494 456 2523 τῶν
482 2488 708 2533 πραγμάτων
734 2488 855 2528 ἀΐδιος
882 2485 969 2522 ἕσσα
1001 2486 1063 2520 καὶ
1098 2484 1193 2520 αὐτὰ
1220 2483 1316 2530 μόνα
1343 2483 1453 2529 φύσις
1478 2485 1569 2518 θεία
1596 2480 1672 2518 ἐντὶ
1698 2484 1761 2517 καὶ
1787 2483 1854 2518 οὐκ
1880 2482 1946 2517 ἀν-

384 2549 582 2591 θρωπίνην
610 2545 800 2592 ἐνδέχεται
826 2552 962 2591 γνῶσιν
989 2548 1061 2580 κτλ.
1102 2544 1201 2579 Idem
1229 2543 1318 2578 ibid.
1343 2544 1354 2576 Ι
1377 2547 1439 2577 22:
1466 2542 1551 2586 περὶ
1576 2541 1643 2587 μὲν
1669 2541 1715 2576 τὰ
1741 2540 1946 2587 τεταγμένα

383 2612 453 2640 τῶν
481 2607 672 2651 μετεώρων
699 2606 874 2651 γίνεσθαι
900 2604 967 2648 τὴν
994 2605 1149 2648 σοφίαν,
1181 2603 1265 2647 περὶ
1292 2601 1332 2637 δὲ
1361 2608 1433 2652 τῶν
1459 2601 1666 2647 γινομένων
1693 2601 1760 2646 τὴν
1787 2601 1945 2643 ἀταξίαν

385 2666 450 2709 τὴν
477 2665 624 2709 ἀρετήν,
651 2666 794 2700 τελείαν
821 2662 888 2709 μὲν
915 2660 1075 2708 ἐκείνην,
1103 2663 1212 2706 ἀτελῆ
1239 2660 1279 2697 δὲ
1308 2662 1458 2706 ταύτην.

500 2727 535 2769 2)
568 2724 697 2759 Sumen
731 2724 981 2769 Pythagoram
1016 2733 1163 2767 quoque
1198 2721 1338 2756 stillam
1374 2720 1515 2756 cerebri
1554 2720 1786 2755 existimasse
1818 2720 1947 2754 narrat

383 2784 488 2826 nicus.
506 2783 587 2817 Vm
604 2788 663 2824 ⁶2&
687 2784 728 2817 at
748 2781 938 2827 sanguinis
960 2793 1126 2827 spumam
1150 2781 1238 2816 Dox.
1255 2784 1322 2815 417
1345 2791 1367 2814 a
1388 2785 1418 2815 6.
1458 2779 1630 2814 Feminas
1651 2790 1799 2823 quoque
1820 2789 1943 2813 semen

384 2842 570 2876 effundere
593 2841 738 2875 Samius
760 2841 929 2875 docuisse
950 2841 1067 2876 fertur
1088 2841 1177 2875 Dox.
1200 2842 1268 2873 418
1289 2850 1310 2872 a
1330 2843 1362 2883 ἴ),
1389 2838 1715 2883 principatumque
1735 2837 1773 2872 in
1795 2836 1945 2872 cerebro

384 2903 546 2946 posuisse
582 2901 715 2935 dicitur
750 2902 838 2936 Dox.
865 2905 932 2935 207
961 2901 1054 2934 med.
1107 2900 1246 2933 'l'anwn
1281 2899 1483 2933 cavendum
1518 2901 1576 2933 est
1607 2909 1652 2932 nc
1686 2896 1833 2942 singula
1864 2907 1944 2942 pre·

385 2972 537 3003 mamus,
565 2960 701 3004 quippe
729 2971 823 3004 quae
851 2972 935 2994 vere
965 2960 1199 3003 Pythagorea
1226 2958 1353 2992 haberi
1380 2968 1452 2992 non
1480 2957 1637 3002 possint.
