2125 3439
1030 197 1316 236 —138—

516 307 698 347 Causam
742 304 869 344 huius
910 301 1147 343 sententiae
1192 315 1242 341 ex
1281 300 1379 340 albo
1418 298 1543 340 lactis
1590 297 1734 339 colore
1778 297 1960 351 petitam

397 392 489 418 esse
515 375 776 417 Aristoteles
804 375 994 414 annotat.
1040 370 1155 419 Quae
1183 369 1450 424 comparatio
1479 368 1629 423 quanti
1656 367 1714 409 sit
1740 368 1960 421 momenti,

396 448 519 488 docet
559 446 631 500 qui
670 445 751 486 hoc
791 458 841 484 ex
878 442 1041 497 placito
1080 441 1299 496 profectus
1338 443 1404 482 est
1443 442 1594 481 auctor
1632 439 1682 480 de
1720 441 1806 479 nat.
1839 438 1961 493 pueri

397 533 430 559 c.
456 518 513 558 30
545 515 651 572 (VII
677 515 784 568 536,
816 514 866 555 16
895 511 978 569 L.):
1011 514 1177 566 γίνεται
1211 509 1258 553 δὲ
1291 510 1358 566 (τὸ
1392 508 1568 564 ὄρνεον)
1601 508 1647 551 ἐκ
1678 516 1758 552 τοῦ
1789 513 1962 566 χλωροῦ

395 594 475 629 τοῦ
508 585 618 644 ᾠοῦ·
656 586 796 640 τροφὴ
831 582 878 626 δὲ
911 582 982 625 καὶ
1015 582 1193 637 αὔξησίς
1225 582 1342 624 ἐστιν
1382 581 1465 623 ἀπὸ
1498 586 1577 622 τοῦ
1609 584 1769 623 λευκοῦ
1803 586 1883 623 τοῦ
1915 579 1963 622 ἐν

399 659 458 715 τῷ
505 658 574 714 ὠςό
620 656 785 705 ἐόντος·
835 653 920 696 καὶ
963 651 1097 696 τοῦτ’
1135 654 1231 707 ἤδη
1281 659 1438 694 πᾶσιν
1484 649 1709 706 ἐμφανὲς
1755 650 1962 705 ἐγένετο

397 729 577 771 ὁκόσοι
616 725 909 782 προσέσχον
948 726 1037 767 τὸν
1070 727 1213 766 νόον·
1253 723 1412 765 ὁκόταν
1445 722 1642 778 ἐπιλείπῃ
1674 722 1700 776 ἡ
1731 723 1872 777 τροφὴ
1904 729 1963 779 τῷ

399 804 567 856 νεοσσῷ
613 797 659 840 ἐκ
696 804 775 839 τοῦ
813 795 929 852 ςόοῦ.
952 831 958 836 .
981 830 988 836 .
1011 830 1017 836 .
1041 802 1224 837 κινεῖται
1273 795 1460 849 ἰσχυρῶς
1503 793 1550 835 ἐν
1593 799 1652 849 τῷ
1698 794 1768 849 ὠῷ
1816 793 1965 847 ζητέον

397 871 565 924 τροφὴν
605 871 787 911 πλείονα
825 865 895 908 καὶ
936 867 982 908 οἱ
1009 864 1165 919 ὑμένες
1196 865 1590 919 περιρρήγνυνται,
1628 865 1700 905 καὶ
1738 863 1896 906 ὁκόταν
1937 863 1964 917 ἡ

401 943 522 995 ὄρνις
555 944 761 993 αἴσθηται
794 940 871 980 τὸν
896 938 1084 979 νεοσσὸν
1115 934 1356 990 κινηθέντα
1384 936 1588 989 ἰσχυρῶς,
1618 934 1847 984 κολάψασα
1879 933 1965 984 ἐξέ-

398 1015 542 1060 λεψεν.
585 1043 740 1051 ......
759 1008 873 1050 οὕτω
908 1005 955 1048 δὲ
987 1005 1057 1048 καὶ
1088 1007 1135 1047 τὸ
1162 1005 1341 1046 παιδίον
1375 1004 1534 1046 ὁκόταν
1567 1005 1755 1060 αὐξηθῇ,
1789 1005 1869 1047 οὐκ
1901 1007 1964 1047 ε”τι

397 1083 580 1123 δύναται
608 1081 632 1134 ἡ
659 1081 798 1134 μήτηρ
824 1078 995 1132 τροφὴν
1021 1075 1228 1131 παρέχειν
1254 1073 1518 1129 ἀρκεόυσαν·
1547 1075 1696 1128 ζητέων
1724 1073 1805 1118 οὖν
1827 1078 1962 1118 πλείω

396 1153 565 1206 τροφὴν
609 1156 684 1204 τῆς
726 1149 974 1203 παρεούσης
1018 1148 1066 1188 τὸ
1111 1148 1306 1200 ἔμβρυον
1349 1145 1584 1200 ἀσκαρίζον
1632 1146 1817 1200 ῥήγνυσι
1861 1149 1964 1197 τοὺς

396 1222 558 1277 ὑμένας
588 1219 660 1262 καὶ
693 1217 833 1261 λυθὲν
866 1225 944 1261 τοῦ
977 1219 1142 1272 δεσμοῦ
1174 1224 1310 1272 χωρεῖ
1338 1217 1450 1271 ὁμοῦ
1483 1216 1575 1268 ἔξω.
1631 1217 1759 1260 Haud
1792 1218 1963 1260 aliunde

397 1293 547 1348 pedem
585 1291 753 1347 profert
792 1291 905 1332 idem
943 1290 1047 1343 536,
1078 1290 1125 1331 5:
1169 1289 1309 1346 τούτῳ
1350 1285 1397 1329 δὲ
1436 1289 1495 1344 τῷ
1536 1290 1652 1346 λόγῳ
1698 1289 1764 1331 ὅτι
1804 1288 1963 1332 ἐπιλει-

397 1365 563 1417 πούσης
600 1369 675 1417 τῆς
713 1367 880 1416 τροφῆς
919 1359 1132 1415 ἐξέρχεται
1176 1361 1225 1401 τὸ
1264 1361 1458 1413 ἔμβρυον
1476 1393 1602 1401 .....
1622 1361 1818 1414 ίστόριον
1862 1362 1962 1402 τόδε

399 1435 529 1477 ἐστίν.
586 1435 634 1476 τὸ
668 1435 826 1488 ὄρνεον
858 1434 1025 1486 γίνεται
1058 1431 1105 1472 ἐκ
1137 1437 1214 1472 τοῦ
1242 1428 1333 1486 ςόοῦ
1365 1436 1443 1472 τοῦ
1475 1434 1649 1485 χλωροῦ
1680 1435 1767 1473 κτλ.
1830 1431 1962 1473 Vides

397 1507 521 1547 illum
553 1508 738 1558 utroque
770 1503 866 1544 loco
899 1505 948 1543 ut
980 1502 1024 1542 in
1053 1501 1334 1542 fundamento
1366 1500 1450 1541 niti
1483 1501 1525 1541 in
1552 1501 1714 1555 placito
1741 1503 1964 1544 Alcmaeo-

397 1578 537 1618 niano.
583 1575 736 1617 Nonne
763 1573 899 1628 igitur
925 1572 1015 1613 veri
1036 1574 1101 1613 est
1126 1571 1395 1612 simillimum
1415 1571 1722 1615 Alcmaeonem
1751 1576 1794 1614 et
1818 1573 1964 1628 ipsum'

398 1664 484 1690 non
517 1647 657 1689 solum
688 1659 845 1686 novam
876 1643 944 1684 his
977 1643 1022 1684 in
1054 1643 1181 1684 rebus
1214 1641 1513 1697 perquirendis
1545 1642 1659 1685 viam
1686 1647 1964 1699 monstrasse,

400 1719 473 1760 sed
506 1718 637 1760 etiam
668 1715 844 1771 longius
871 1729 921 1755 ea
946 1714 1191 1769 ingressum
1217 1728 1323 1768 esse,
1355 1714 1612 1768 praesertim
1646 1729 1743 1757 cum
1770 1715 1965 1770 embryo-

402 1789 540 1845 logiae
572 1788 800 1843 praecipue
834 1800 1009 1840 operam
1035 1799 1216 1826 navasse
1243 1783 1469 1826 videatur?
1514 1783 1700 1827 Proinde
1733 1785 1967 1842 videamus,

397 1875 500 1901 num
534 1874 583 1901 ea
615 1873 722 1913 quae
756 1859 979 1912 praeterea
1011 1856 1061 1897 de
1088 1855 1202 1897 fetus
1235 1858 1393 1897 natura
1419 1855 1626 1911 docuerit,
1658 1871 1679 1898 e
1711 1857 1820 1911 pulli
1853 1872 1964 1900 com-

398 1931 621 1986 paratione
655 1928 917 1971 conclusisse
949 1927 1095 1982 putari
1126 1927 1278 1982 possit.

1016 2065 1190 2108 Fragm.
1223 2064 1345 2099 XIX.

516 2145 646 2187 Plut.
673 2144 712 2185 V
743 2145 808 2198 16,
835 2144 860 2185 3
896 2143 1034 2198 (Dox.
1061 2144 1146 2185 426
1181 2159 1205 2184 a
1232 2143 1306 2199 28)
1339 2158 1395 2184 ex
1427 2142 1597 2184 A‘etio:
1622 2142 1869 2197 Ἀλκμαίων
1902 2142 1960 2185 δι’

399 2217 506 2258 ὅλου
544 2223 621 2258 τοῦ
655 2216 852 2270 σώματος
883 2213 1123 2270 τρέφεσθαι
1164 2215 1234 2268 (τὰ
1267 2212 1474 2270 ἔμβρυα)·
1513 2213 1842 2268 ἀναλαμβάνειν
1881 2215 1964 2268 γὰρ

400 2288 515 2344 αὐτῷ
550 2288 694 2340 ὥσπερ
728 2291 916 2342 σπογγιᾷ
949 2286 999 2327 τὰ
1032 2284 1116 2327 ἀπὸ
1150 2290 1224 2339 τῆς
1254 2291 1421 2340 τροφῆς
1451 2286 1677 2339 θρεπτικά.

518 2358 787 2399 Oribasius
822 2355 886 2398 III
914 2358 997 2399 156
1031 2356 1134 2397 edd.
1167 2356 1508 2398 Bussemaker
1548 2359 1598 2397 et
1631 2356 1965 2412 Daremberg:

396 2427 466 2470 Ἐκ
499 2437 585 2470 τῶν
611 2427 811 2483 Ῥούφου.
871 2428 1049 2483 πρώτην
1082 2424 1130 2468 δὲ
1162 2428 1332 2482 τροφὴν
1364 2426 1634 2482 προσφέρειν
1665 2434 1744 2469 τοῦ
1776 2426 1966 2482 μέλιτος’

401 2499 470 2540 καὶ
504 2500 585 2554 γὰρ
619 2499 894 2553 ε’ρεθιστικὸν
931 2505 981 2553 τῇ
1015 2499 1250 2553 γλυκύτητι
1288 2497 1360 2539 καὶ
1392 2499 1535 2548 ἄλλως
1572 2500 1621 2540 τὸ
1655 2506 1778 2553 σῶμα
1816 2499 1965 2540 διακα-

400 2572 547 2624 θαίρει
575 2569 645 2612 καὶ
672 2571 719 2612 τὸ
746 2572 940 2624 ἔντερον·
969 2571 1110 2611 ε”νεστι
1139 2570 1279 2623 <γάρ>
1305 2571 1553 2624 περίττωμα
1579 2576 1669 2619 τοῖς
1694 2570 1967 2623 τηλικούτοις

402 2640 510 2695 (scil.
544 2642 768 2683 infantulis
801 2641 1045 2683 recentibus
1079 2656 1103 2681 a
1135 2638 1282 2697 partu)
1322 2639 1369 2682 ἐν
1408 2647 1466 2697 τῷ
1500 2639 1659 2697 ἐντέρῳ
1699 2640 1721 2681 ὃ
1755 2641 1836 2695 χρὴ
1873 2639 1965 2690 ἑξά-

402 2728 516 2764 γειν,
555 2712 633 2767 οὐχ
666 2713 811 2767 ὥσπερ
839 2708 1084 2766 Ἀλκμαίων
1124 2716 1259 2753 οἴεται
1299 2712 1364 2753 ὅτι
1403 2711 1452 2753 ἐν
1489 2718 1583 2760 ταῖς
1614 2713 1796 2765 μήτραις
1833 2711 1885 2752 ὃν
1916 2711 1965 2752 τὸ

403 2785 580 2823 παιδίοιν
624 2785 778 2836 ἤσθιεν
817 2785 1013 2837 στόματι·
1061 2790 1191 2825 τοῦτο
1231 2783 1313 2837 γὰρ
1353 2781 1515 2824 οὐδένα
1551 2784 1717 2836 τρόπον
1756 2783 1965 2823 δυνατόν·

404 2851 496 2894 ἀλλ’
534 2854 599 2894 ὅτι
632 2861 706 2907 τῆς
737 2861 900 2909 τροφῆς
937 2856 985 2896 τὸ
1019 2853 1214 2897 ἐνταῦθα
1245 2851 1354 2908 ἧκον
1387 2854 1585 2895 διεδίδου
1621 2855 1728 2906 ἔσω,
1767 2852 1966 2894 διεδίδου

405 2923 450 2965 δὲ
484 2923 554 2965 καὶ
588 2924 630 2973 ἐς
662 2926 814 2966 κύστιν
846 2929 934 2967 κτλ.
967 2952 1020 2954 ἢ
