2125 3439
1007 190 1263 225 -15—

359 300 516 337 stretur
556 308 702 334 vereor
731 309 782 334 ne
822 293 913 334 fieri
951 306 1036 333 non
1068 292 1218 346 possit.
1285 291 1353 333 En
1392 292 1522 333 verba
1560 292 1912 346 Aphrodisiensis

358 366 413 420 (p.
439 367 505 418 42,
524 366 549 405 3
571 362 820 418 Hayduck):
849 364 1013 417 ἱστορεῖ
1037 360 1083 404 δὲ
1105 363 1163 412 ὡς
1185 361 1479 417 Ἀλκμαίωνος
1506 368 1583 404 τοῦ
1606 363 1916 415 Κροτωνιάτου

358 438 433 477 τον
467 434 600 475 αὐτὸν
633 434 805 482 τούτοις
835 435 999 485 τρόπον
1031 432 1126 487 περὶ
1161 432 1307 488 ἀρχῶν
1333 432 1686 487 ἀποφηναμένου.
1737 434 1912 487 εἰςγὰρ

359 506 617 547 ἐναντίωσίν
643 519 740 545 τινα
766 503 948 544 ἕκαστον
975 511 1061 545 τῶν
1088 505 1229 545 ὄντων
1256 504 1435 557 ἀνάγειν
1462 503 1660 557 ἐπειρᾶτο
1688 502 1758 545 καὶ
1785 500 1914 553 οὗτος

358 577 414 625 ὡς
446 575 591 629 ἀρχῶν
625 574 770 616 οὐσῶν
802 581 889 615 τῶν
916 573 1226 616 ἐναντιώσεων.
1279 573 1480 628 διαφέρει
1514 572 1561 616 δὲ
1588 582 1674 616 τῶν
1702 577 1913 627 Πυθαγο-

359 649 490 699 ρείων
523 645 588 686 ὅτι
622 646 668 686 οἱ
689 642 768 698 μὲν
796 645 980 692 δεκάδας
1006 651 1234 694 ποιοῦντες
1260 646 1418 694 ταύτας
1447 642 1527 698 μὲν
1555 645 1797 695 ἐξετίθεντο
1825 644 1914 698 ὁρί-

363 719 517 769 ζοντες,
548 716 570 758 ὁ
598 713 645 757 δὲ
671 716 750 769 τὴν
770 721 991 770 τυχοῦσαν
1019 714 1278 757 ἐναντίωσιν
1306 715 1444 770 ἀρχὴν
1472 717 1620 769 ἔλεγεν
1640 715 1915 769 ἀδιορίστως·

359 787 497 836 οὕτως
532 784 578 828 δὲ
611 792 727 827 πᾶσα
759 785 813 827 ἂν
841 785 1095 834 ἐναντίωσις
1127 785 1236 840 ἀρχὴ
1270 788 1436 839 γίνοιτο
1470 786 1599 842 αὐτῷ.
1655 787 1806 828 κοινὸν
1836 783 1915 840 μὲν

359 855 440 900 οὖν
461 859 785 911 Πυθαγορείων
813 859 857 898 οἳ
879 857 1037 910 ταύτης
1064 855 1267 909 ἐγένοντο
1289 863 1362 909 τῆς
1383 856 1510 910 δόξης
1535 855 1606 897 καὶ
1622 855 1916 911 Ἀλκμαίωνος

357 931 404 970 τὸ
444 928 643 976 ἐναντίας
684 924 795 968 εἶναι
834 927 908 976 τὰς
943 926 1076 981 ἀρχὰς
1113 934 1200 968 τῶν
1234 928 1391 968 ὄντων·
1437 928 1568 967 πόσαι
1608 923 1655 967 δὲ
1693 925 1766 968 καὶ
1804 929 1917 976 τίνες
1952 947 1956 951 ·

358 996 484 1040 αὗται
511 1006 597 1040 τῶν
618 999 941 1050 Πυθαγορείων
969 998 1100 1038 ἴδιον.
1147 996 1226 1038 Sed
1249 1000 1323 1037 aut
1343 996 1515 1052 egregie
1536 996 1664 1038 fallor
1691 1000 1766 1038 aut
1787 1011 1917 1039 causa

361 1069 606 1111 omissionis
633 1069 859 1123 perspicua
879 1071 954 1108 est.
994 1067 1149 1108 Totam
1176 1067 1290 1109 enim
1310 1067 1562 1109 Aristotelis
1590 1068 1919 1122 dubitationem,

358 1144 455 1182 uter
482 1141 534 1180 ab
562 1143 658 1181 utro
686 1139 926 1180 doctrinam
953 1139 1177 1192 acceperit,
1205 1138 1376 1180 silentio
1403 1139 1627 1193 praeterit:
1655 1139 1754 1193 quid
1784 1139 1919 1194 igitur

361 1211 515 1252 mirum
556 1210 667 1263 quod
706 1225 758 1251 ne
792 1209 1003 1250 enuntiati
1044 1209 1215 1263 quidem
1255 1209 1372 1251 illius
1406 1210 1619 1252 interiecti
1655 1210 1919 1252 mentionem

361 1281 492 1323 fecit?
536 1280 687 1335 Itaque
721 1280 983 1322 scholiorum
1011 1280 1274 1322 testimoniis
1306 1280 1387 1322 hac
1420 1281 1463 1321 in
1489 1295 1534 1321 re
1561 1280 1832 1323 diiudicanda
1857 1281 1917 1322 nil

360 1351 608 1407 proficimus
639 1365 776 1404 neque
802 1350 940 1391 facere
966 1365 1142 1404 possum
1178 1350 1280 1404 quin
1307 1351 1487 1392 alteram
1513 1351 1719 1393 athetesis
1747 1365 1917 1393 causam

361 1423 595 1476 quidquam
627 1422 766 1462 valere
798 1435 963 1476 negem.

477 1493 672 1546 Denique
708 1507 968 1546 quamquam
1002 1507 1098 1533 cum
1133 1491 1297 1533 Zellero
1330 1507 1396 1533 res
1430 1492 1536 1533 mihi
1569 1495 1647 1546 est,
1683 1494 1812 1535 verba
1844 1494 1920 1535 illa

361 1577 675 1618 supervacanea
711 1577 798 1604 non
830 1577 920 1604 esse
961 1563 1223 1604 confidenter
1256 1563 1558 1604 contenderim.
1621 1563 1788 1618 Nempe
1823 1558 1948 1606 Ari-'

361 1635 538 1676 stoteles
572 1649 658 1676 non
691 1648 790 1674 casu
823 1633 986 1674 factum
1014 1647 1105 1674 esse
1138 1638 1256 1674 ratus
1289 1637 1338 1675 ut
1369 1633 1482 1675 idem
1515 1634 1602 1676 fere
1629 1634 1693 1675 illi
1726 1635 1776 1676 de
1802 1634 1919 1689 prin-

361 1706 483 1760 cipiis
523 1706 742 1758 docerent,
786 1707 931 1745 tamen
969 1706 1065 1745 uter
1104 1703 1323 1745 doctrinae
1363 1707 1512 1747 auctor
1549 1704 1681 1746 fuerit
1722 1705 1919 1746 dubitare

361 1790 451 1817 sese
491 1776 643 1816 leviter
682 1775 897 1830 significa-t
937 1772 1052 1830 (ἤτοι
1085 1799 1138 1803 —
1173 1774 1230 1830 ἥ).
1294 1773 1380 1816 Cur
1419 1775 1618 1817 dubitat?
1681 1774 1920 1830 Sequamur

362 1846 513 1887 Zelleri
553 1849 737 1886 textum:
779 1846 913 1898 ὅνπερ
953 1847 1116 1899 τρόπον
1156 1847 1268 1887 ἔοικε
1306 1844 1378 1887 καὶ
1404 1844 1648 1901 Ἀλκμαίων
1687 1846 1710 1889 ὁ
1743 1848 1919 1900 Κροτω-

362 1918 510 1970 νιάτης
543 1916 780 1970 ὑπολαβεῖν
819 1915 890 1957 καὶ
922 1917 1015 1969 ἤτοι
1051 1913 1177 1965 οὗτος
1207 1915 1309 1970 παρ’
1339 1915 1519 1958 ἐκείνων
1554 1917 1579 1971 ἢ
1614 1917 1772 1960 ἐκεῖνοι
1804 1919 1920 1971 παρὰ

362 1989 519 2030 τούτου
551 1986 800 2041 παρέλαβον
833 1988 910 2028 τὸν
937 1989 1070 2040 λόγον
1103 1993 1279 2029 τοῦτον·
1312 1986 1395 2029 καὶ
1429 1989 1522 2041 γὰρ
1545 1986 1787 2042 Ἀλκμαίων
1819 1988 1919 2031 ἀπε-

362 2061 532 2113 φήνατο
564 2059 874 2111 παραπλησίως
905 2059 1088 2107 τούτοις.
1137 2056 1246 2112 φησὶ
1272 2059 1354 2112 γὰρ
1387 2062 1475 2100 κτλ.
1529 2058 1718 2101 Hancine
1746 2074 1919 2101 causam

363 2145 454 2171 esse
494 2116 744 2184 putabimus
784 2143 859 2170 cur
898 2129 1194 2182 quaestionem
1238 2129 1287 2170 de
1327 2132 1502 2171 auctore
1541 2130 1754 2185 integram
1794 2130 1921 2171 relin-

365 2199 575 2254 quendam
609 2213 699 2240 esse
740 2199 812 2239 ille
846 2197 1131 2253 censuerit‘?¹)
1194 2197 1331 2239 Immo
1370 2199 1475 2241 haec
1515 2200 1754 2242 similitudo
1793 2215 1921 2242 causa

365 2273 430 2311 cst
463 2285 536 2312 cur
571 2269 866 2324 Pythagoreos
900 2269 1289 2323 Alcmaeonemque
1328 2269 1504 2311 omnino
1546 2274 1775 2325 comparet.
1839 2270 1921 2313 Sed

363 2342 588 2382 nobiscum
621 2344 885 2395 reputemus,
926 2340 1139 2394 quomodo
1178 2354 1255 2381 nos
1294 2355 1383 2381 rem
1422 2340 1653 2382 diiudicare
1692 2342 1918 2396 soleamus,

487 2508 517 2547 1)
548 2503 688 2538 Dixerit
718 2503 799 2547 quis
833 2504 943 2538 tertia
976 2502 1197 2538 sententiola
1229 2502 1307 2547 (καὶ
1333 2502 1402 2547 γὰρ
1424 2533 1429 2538 .
1448 2533 1453 2538 .
1471 2505 1500 2547 .)
1527 2503 1733 2540 confirmari
1760 2503 1916 2550 primam

364 2564 489 2608 (ὅνπερ
534 2562 672 2607 τρόπον
688 2590 789 2598 .....
810 2563 1044 2608 ὑπολαβεῖν),
1090 2562 1142 2596 ita
1185 2563 1224 2596 ut
1262 2562 1421 2597 secunda
1458 2563 1536 2607 (καὶ
1577 2563 1918 2607 ἥτοι....τοῦτον)

366 2622 595 2667 parenthesis
625 2622 706 2656 loco
732 2622 857 2666 posita
883 2621 942 2655 sit.
994 2620 1064 2654 Sed
1092 2620 1122 2653 si
1150 2621 1377 2655 conectimus
1411 2620 1524 2665 ὅνπερ
1556 2621 1694 2667 τρόπον
1727 2621 1823 2657 ἔοικε
1856 2622 1919 2657 καὶ

364 2680 559 2725 Ἀλκμαίων
587 2681 605 2715 ὁ
632 2684 696 2724 Κρ.
724 2681 941 2726 ὑπολαβεῖν·
1064 2679 1126 2714 καὶ
1160 2679 1227 2724 γὰρ
1250 2678 1446 2724 Ἀλκμαίων
1478 2680 1699 2726 ἀπεφήνατο
1727 2684 1918 2726 παραπλη-

367 2742 450 2780 σίως
483 2741 638 2780 τούτοις·
674 2740 764 2784 φησὶ
789 2739 858 2784 γὰρ
887 2742 972 2782 κτλ,
1000 2751 1070 2773 non
1104 2739 1222 2773 solum
1257 2739 1430 2774 iteratum
1464 2751 1598 2775 nomen
1624 2739 1822 2786 Ἀλκμαίων
1852 2752 1918 2776 nos

366 2799 528 2839 offendit,
555 2800 617 2833 sed
640 2799 750 2833 etiam
772 2801 891 2834 totum
914 2799 1143 2834 enuntiatum
1165 2800 1229 2834 καὶ
1248 2799 1318 2845 γὰρ
1335 2830 1340 2835 ,
1359 2829 1365 2834 .
1383 2831 1387 2834 .
1407 2829 1412 2834 .
1429 2799 1571 2839 τούτοις
1591 2801 1698 2845 plane
1720 2802 1777 2835 est
1795 2811 1918 2844 super-

367 2869 577 2892 vacaneum.
631 2858 682 2892 Cf.
706 2859 816 2892 Arist.
845 2859 890 2893 de
916 2870 973 2894 an.
1002 2859 1016 2892 I
1044 2864 1079 2900 2,
1108 2862 1175 2893 405
1192 2871 1213 2894 a
1238 2863 1299 2894 29:
1332 2860 1596 2902 παραπλησίως
1621 2857 1661 2893 δὲ
1689 2858 1831 2899 τούτοις
1856 2858 1920 2892 καὶ

363 2915 558 2960 ’,κιλ-,ιιιιαιίυιψν
575 2915 694 2950 ἔοικεν
711 2917 909 2962 ὑπολαβεῖν
923 2917 1006 2962 περὶ
1022 2923 1160 2962 ψυχῆς·
1181 2918 1271 2962 φησὶ
1288 2917 1357 2963 γὰρ
1378 2917 1495 2962 αὐτὴν
1516 2917 1713 2953 ἀθάνατον
1733 2915 1831 2952 εἶναι
1844 2919 1918 2952 κτλ.
