2125 3439
1060 203 1347 243 -50—

432 318 542 359 oculi
570 319 831 356 structuram
858 327 954 354 cum
981 307 1285 364 experimentis
1311 310 1404 348 tum
1429 305 1650 348 anatomia.
1670 306 1891 362 cognitam
1917 321 1989 348 ex-

430 401 598 442 ponere,
631 399 758 439 quam
793 397 875 436 quo
910 380 1035 421 modo
1069 379 1185 419 visus
1218 378 1296 419 fiat
1327 378 1536 420 evolvere.
1588 376 1702 419 Nam
1737 377 1852 432 quod
1882 377 1987 420 dicit

431 464 488 513 τῷ
516 457 736 508 στίλβοντι
762 451 833 494 καὶ
859 456 917 507 τῷ
947 451 1169 503 διαφανεῖ,
1200 448 1373 490 nonnisi
1399 451 1605 490 naturam·
1625 447 1814 490 ostendit
1839 462 1988 490 eorum

431 542 538 582 quae
571 525 719 567 oculus
753 521 945 564 continet
978 520 1299 573 elementorum,
1332 519 1405 560 sed
1437 519 1537 573 quid
1564 518 1736 560 valeant
1768 519 1820 560 ad
1847 519 1989 560 viden-

433 599 531 638 dum
560 596 681 638 celat.
727 594 927 635 Fortasse
948 591 1061 633 hunc
1082 604 1250 644 quoque
1270 589 1479 645 intelligit
1497 590 1822 644 Theophrastus
1843 589 1989 632 dicens

430 666 600 710 τιθέασι
633 663 681 706 δὲ
714 662 785 706 καὶ
816 663 895 716 τὴν
928 663 1032 711 ὄψιν
1064 660 1202 714 αὐτὴν
1234 661 1281 702 οἱ
1307 658 1463 702 πολλοὶ
1493 662 1648 715 πυρός,
1679 660 1796 715 <ὡς>
1826 661 1988 702 τούτου

431 740 503 788 τὰς
522 739 652 792 χρόας
671 735 933 790 μετεχούσας
953 735 1120 786 μᾶλλον
1141 729 1271 787 (Dox.
1286 731 1384 785 509,
1399 729 1487 786 32).
1528 731 1624 773 Hoc
1644 734 1790 773 tamen
1810 734 1988 782 certum,

432 824 522 850 csse
550 823 646 849 eum
680 822 700 847 e
726 818 905 847 numero
932 810 1020 844 τῶν
1045 803 1306 857 φασκόντων
1332 803 1620 854 προσπίπτειν
1645 802 1725 856 τὴν
1751 803 1871 856 ὄψιν,
1901 817 1990 844 non

434 889 520 922 τῶν
540 880 801 933 φασκόντων
823 874 1036 929 φέρεσθαι
1062 874 1171 927 πρὸς
1190 872 1327 926 αὐτὴν
1347 871 1431 914 ἀπὸ
1450 879 1539 914 τῶν
1559 872 1728 927 ὁρατῶν
1748 871 1820 929 (cf.
1841 887 1989 915 vocem

429 947 705 1004 ἀντιφαίνει).

1039 1033 1214 1077 Fragm.
1246 1033 1372 1068 vm.

547 1125 794 1179 Theophr.
821 1124 847 1164 l.
868 1124 894 1164 l.
922 1123 976 1164 26
1005 1120 1063 1179 (D
1075 1137 1145 1164 ox.
1172 1121 1270 1176 507,
1291 1119 1355 1178 3):
1388 1120 1556 1171 ἁπάσας
1583 1118 1629 1163 δὲ
1661 1121 1735 1171 τὰς
1760 1122 1990 1176 αἰσθήσεις

431 1197 737 1251 συνηρτῆσθαί
752 1209 844 1244 πως
869 1195 977 1249 πρὸς
996 1195 1074 1236 τὸν
1095 1192 1354 1249 ἐγκέφαλον,
1381 1193 1450 1235 διὸ
1471 1191 1543 1234 καὶ
1561 1195 1815 1247 πηροῦσθαι
1840 1208 1989 1234 κινου-

429 1268 562 1322 μένου
595 1264 665 1307 καὶ
698 1264 1064 1320 μεταλλάττοντος
1095 1264 1176 1318 τὴν
1207 1264 1373 1318 χώραν·
1413 1262 1726 1318 ἐπιλαμβάνειν
1763 1263 1847 1317 γὰρ
1885 1265 1990 1313 τοὺς

431 1340 608 1392 πόρους,
641 1335 697 1377 δι’
736 1331 797 1376 ὧν
830 1335 878 1376 αἱ
907 1336 1145 1389 αἰσθήσεις.
1195 1332 1295 1389 περὶ
1328 1331 1376 1375 δὲ
1409 1333 1523 1388 ἁφῆς
1554 1333 1634 1376 οὐκ
1665 1338 1854 1389 εἴρηκεν,
1889 1335 1989 1376 οὔτε

428 1417 517 1457 πῶς
549 1408 646 1450 οὔτε
679 1409 765 1448 τίνι
798 1408 976 1460 γίνεται.
1022 1403 1266 1460 Ἀλκμαίων
1299 1402 1379 1459 μὲν
1412 1401 1494 1447 οὗν
1527 1403 1596 1446 ἐπὶ
1625 1410 1840 1447 τοσοῦτον
1870 1404 1990 1459 ἀφώ-

428 1496 559 1534 ρικεν.
591 1503 648 1508 ——

548 1550 629 1599 Qui
662 1549 713 1590 ad
745 1548 898 1604 fragm.
924 1547 965 1588 V
992 1550 1225 1589 annotatus
1253 1550 1319 1588 est
1344 1545 1464 1588 Aetii
1496 1547 1616 1589 locus
1649 1547 1816 1589 animae
1845 1547 1989 1589 sedem

429 1622 650 1663 cerebrum
707 1619 976 1661 existimasse
1028 1618 1333 1660 Alcmaeonem
1389 1617 1730 1660 luculentissime
1788 1618 1989 1660 ostendit.

429 1691 545 1733 Idem
578 1690 764 1732 efficitur
796 1704 817 1731 e
848 1689 1003 1745 fragm.
1030 1688 1158 1730 XVII
1189 1704 1326 1743 neque
1360 1689 1585 1743 dissonant
1615 1688 1824 1731 Chalcidii
1857 1689 1989 1730 verba

428 1764 599 1818 (fragm.
639 1760 758 1817 VII):
803 1761 938 1802 ³...a
980 1760 1144 1802 cerebri
1190 1760 1287 1801 sede
1337 1760 1381 1801 in
1427 1775 1512 1815 qua
1555 1763 1621 1801 est
1665 1760 1749 1801 sita
1792 1763 1988 1814 potestas

429 1835 594 1874 animae
635 1847 802 1874 summa
847 1846 895 1873 ac
933 1829 1218 1886 principalis’.
1281 1829 1466 1872 Proinde
1512 1845 1612 1873 cave
1658 1846 1679 1872 e
1717 1831 1847 1872 verbo
1891 1831 1989 1885 ἡγε-

428 1906 610 1958 μονικόν
649 1902 820 1959 (fragm.
853 1902 890 1943 V
925 1905 967 1943 et
999 1900 1164 1957 XVII),
1208 1902 1322 1956 quod
1362 1900 1604 1943 Stoicorum
1649 1916 1800 1944 manus
1842 1905 1989 1957 aperte

432 1975 586 2029 prodit)
610 1974 693 2028 ipsi
721 1973 959 2015 sententiae
987 1972 1302 2014 dubitationem
1329 1971 1745 2014 admoveas—Iam
1773 1973 1988 2027 quomodo

429 2047 536 2087 hanc
576 2046 627 2086 ad
666 2044 912 2099 opinionem
951 2043 1160 2086 adductus
1200 2043 1258 2084 sit
1291 2043 1495 2085 Alcmaeo
1532 2043 1614 2085 hoc
1654 2058 1704 2084 ex
1742 2043 1987 2099 fragmento

429 2117 643 2158 discimus.
704 2115 943 2170 Postquam
987 2115 1102 2156 enim
1149 2114 1373 2169 conspexit
1416 2114 1507 2168 ille,
1550 2129 1627 2168 per
1669 2115 1835 2168 πόρους
1878 2129 1987 2169 quos

429 2189 611 2228 vocabat
644 2187 864 2228 cerebrum
903 2200 1000 2227 cum
1033 2185 1238 2227 sensoriis
1277 2186 1471 2227 iunctum
1505 2200 1616 2240 esse,
1654 2185 1716 2226 ita
1753 2189 1801 2226 ut
1839 2200 1987 2228 omnes

429 2274 594 2307 sensus,
635 2272 817 2312 quorum
849 2257 1200 2312 perceptionibus
1237 2259 1333 2298 tota
1364 2256 1589 2298 hominum
1622 2255 1802 2298 scientia
1833 2257 1988 2299 nititur

429 2328 599 2384 (fragm.
626 2327 699 2384 H),
731 2343 780 2370 eo
807 2329 1142 2382 continerentur,
1174 2326 1299 2369 facile
1332 2330 1399 2369 est
1432 2326 1615 2369 collectu
1648 2341 1733 2368 non
1766 2326 1897 2368 aliam
1930 2327 1984 2369 ob

430 2415 600 2441 causam
643 2400 723 2441 hoc
768 2400 861 2441 loco
914 2399 1080 2440 animae
1132 2399 1275 2440 sedem
1320 2413 1417 2439 eum
1462 2397 1750 2452 collocasse.¹)
1812 2397 1987 2439 Etenim

429 2470 538 2511 ὅπου
577 2478 663 2511 τῶν
701 2470 872 2524 νεύρων
915 2469 941 2523 ἡ
985 2469 1118 2525 ἀρχή,
1162 2468 1356 2511 ἐνταῦθα
1399 2467 1472 2510 καὶ
1514 2469 1563 2510 τὸ
1601 2475 1676 2522 τῆς
1711 2474 1854 2524 ψυχῆς
1888 2468 1986 2522 ἡγε-

429 2543 622 2593 μονικόν.
683 2541 790 2594 αὕτη
835 2539 915 2594 μὲν
959 2541 1013 2594 δὴ
1057 2540 1083 2594 ἡ
1128 2545 1207 2582 τοῦ
1251 2542 1386 2593 λόγου
1431 2538 1539 2593 (scil.
1578 2540 1753 2581 cerebro
1798 2539 1986 2580 animam

434 2610 587 2654 inesse)
632 2611 873 2665 κυριωτάτη
917 2613 1127 2665 πρότασις
1170 2609 1484 2665 ὡμολογημένη
1528 2616 1663 2652 πᾶσιν
1707 2610 1872 2663 ἰατροῖς
1915 2607 1986 2651 καὶ

430 2683 691 2733 φιλοσόφοις
717 2679 886 2736 (Galen.
913 2680 957 2721 in
984 2681 1091 2722 Plat.
1119 2685 1163 2722 et
1188 2680 1394 2736 Hippocr.
1421 2681 1562 2736 dogm.
1590 2679 1697 2721 VIII
1728 2681 1748 2721 1
1782 2696 1823 2735 p.
1847 2681 1946 2734 650,
1966 2680 1992 2722 8

432 2750 615 2798 Miiller‘).

552 2879 585 2922 1)
611 2876 663 2911 cf.
685 2879 795 2912 Arist.
824 2891 924 2924 parv.
953 2883 1026 2915 nat.
1055 2885 1122 2916 469
1151 2892 1172 2915 a
1191 2885 1254 2916 22:
1289 2881 1467 2917 nonnulla
1492 2879 1659 2916 sensoria
1684 2891 1764 2915 esse
1791 2879 1830 2914 in
1856 2880 1990 2925 capite,

435 2941 494 2970 διὸ
522 2935 581 2969 καὶ
611 2938 719 2970 δοκεῖ
739 2950 833 2971 τισιν
860 2937 1114 2974 αἰσθάνεσθαι
1142 2941 1186 2974 τὰ
1214 2941 1287 2987 ζῷα
1314 2940 1377 2975 διὰ
1404 2941 1468 2976 τὸν
1494 2937 1713 2985 ἐγκέφαλον,
