2125 3439
1017 269 1069 272 --
1132 244 1187 284 98
1251 250 1330 270 —*

382 359 425 397 et
457 354 507 395 de
540 367 679 408 gener.
715 351 769 407 (c.
799 353 824 393 3
852 371 907 384 =
934 349 1017 390 VII
1043 349 1143 402 474,
1171 346 1234 404 7),
1267 341 1373 401 αἷμα
1400 347 1535 401 χολὴν
1567 351 1737 399 πνεῦμα
1769 343 1941 399 φλέγμα

387 426 650 467 Menecrates
686 422 815 476 (Men.
849 421 926 463 col.
959 419 1063 461 XIX
1101 417 1191 474 11),
1227 424 1398 471 πνεῦμα
1437 415 1609 471 φλέγμα
1646 418 1781 472 χολήν
1818 416 1942 457 Plato

381 496 489 537 Tim.
515 509 611 549 pag.
639 495 695 536 84
717 492 774 546 D;
807 486 928 546 αἷμα,
960 488 1146 545 φλέγμα,
1179 490 1314 544 χολὴν
1347 487 1573 542 μέλαιναν,
1605 487 1740 541 χολὴν
1773 487 1943 539 ξανθήν

383 568 534 607 auctor
560 565 610 606 de
636 567 722 605 nat.
749 563 862 605 hom.
891 561 942 616 (c.
964 562 991 602 4
1013 582 1067 595 =
1089 560 1150 602 VI
1170 560 1239 610 38,
1266 560 1338 614 193
1370 573 1402 601 c.
1430 559 1456 600 5
1477 579 1533 592 =
1554 557 1615 598 VI
1634 558 1704 610 40,
1730 557 1779 598 16
1806 555 1874 612 L.)
1900 559 1944 598 et

382 636 572 690 Polybus
605 633 736 690 (Men.
764 633 842 675 col.
863 631 964 674 XIX
985 630 1089 687 5).1)
1145 630 1466 672 Posterioribus
1499 631 1643 671 autem
1675 626 1943 682 temporibus

381 705 515 760 dyade
560 720 608 746 ac
646 704 783 746 triade
824 704 980 759 spretis
1022 703 1116 744 sola
1148 701 1385 743 increbruit
1417 699 1573 754 Polybi
1612 701 1760 740 tetras.
1823 696 1944 745 Quod

381 777 478 817 inde
511 776 789 830 repetendum
829 775 1014 826 videtur,
1053 773 1166 827 quod
1206 787 1302 813 cum
1341 785 1466 813 sucos
1505 769 1821 824 distinguerent
1858 782 1944 809 non

382 847 521 889 solum
554 847 766 901 χρώμασι,
798 860 946 886 verum
979 844 1111 885 etiam
1149 848 1208 898 τῷ
1240 846 1392 897 θερμῷ
1433 839 1504 882 καὶ
1535 845 1690 896 ψυχρῷ
1725 838 1798 880 καὶ
1827 838 1943 894 ξηρῷ

377 916 452 959 καὶ
471 918 592 974 ὑγρῷ
620 915 689 972 (de
710 919 797 958 nat.
818 915 940 970 pueri
967 930 998 956 c.
1022 914 1048 953 ἴ)
1070 934 1124 947 --
1140 912 1199 953 VI
1221 912 1291 966 42,
1312 911 1370 966 4),
1399 914 1441 952 et
1467 909 1721 966 sanguinem
1747 909 1944 962 calidum,

381 989 543 1030 coleras
565 987 743 1041 tepidas,
763 986 966 1041 pituitam
988 983 1184 1039 (excepto
1200 980 1418 1035 Philolao)
1441 980 1644 1036 frigidam
1665 977 1945 1035 censerent2)‚

380 1074 401 1099 e
429 1058 712 1112 qualitatibus
738 1055 1028 1098 elementariis
1056 1068 1181 1096 sucos
1210 1055 1414 1107 quattuor
1435 1050 1657 1093 elementis
1684 1050 1942 1105 respondere

379 1129 660 1171 coniciebant.
708 1127 831 1176 Quod
860 1141 956 1168 cum
983 1126 1070 1166 iam
1094 1139 1145 1166 ex
1165 1123 1417 1166 Aristotelis
1438 1120 1556 1178 (pag.
1572 1120 1661 1177 79),
1686 1121 1944 1163 Menecratis

379 1199 510 1255 (Men.
544 1199 622 1240 col.
657 1197 759 1239 XIX
796 1195 886 1251 11),
924 1195 1199 1237 Philistionis
1238 1193 1446 1236 doctrinis
1485 1186 1669 1247 eluceat,
1707 1192 1944 1234 clarissime

380 1269 568 1311 ostendit
596 1268 785 1310 Galenus
818 1268 867 1308 de
894 1267 1002 1321 plac.
1028 1265 1158 1320 Hipp.
1186 1268 1229 1306 et
1259 1264 1369 1306 Plat.
1395 1277 1492 1319 pag.
1520 1264 1604 1305 679
1631 1262 1807 1304 Muller:
1839 1261 1945 1316 πυρὶ

380 1338 459 1393 μὲν
485 1339 705 1392 ἀνάλογον
730 1338 756 1392 ἡ
784 1338 925 1391 ξανθὴ
952 1337 1074 1392 χολή,
1106 1336 1132 1390 ἡ
1160 1333 1207 1377 δὲ
1235 1334 1418 1388 μέλαινα
1444 1340 1495 1389 τῇ
1522 1340 1590 1389 γῇ,
1625 1335 1672 1376 τὸ
1700 1331 1748 1375 δὲ
1773 1332 1944 1388 φλέγμα

379 1417 437 1466 τῷ
475 1410 615 1451 ὕδατι.
677 1407 749 1450 καὶ
788 1409 860 1450 διὰ
899 1414 1028 1450 τοῦτο
1066 1407 1210 1461 θερμὴ
1249 1403 1329 1460 μὲν
1374 1404 1446 1446 καὶ
1485 1404 1593 1459 ξηρὰ
1636 1405 1716 1458 τὴν
1755 1404 1946 1458 δύναμίν

383 1481 503 1522 ἐστιν
535 1481 560 1534 ἡ
589 1479 730 1532 ξανθὴ
762 1481 885 1534 χολή,
916 1478 1115 1531 καθάπερ
1148 1478 1196 1518 τὸ
1223 1482 1326 1531 πῦρ,
1357 1476 1503 1530 ψυχρὰ
1533 1473 1582 1516 δὲ
1607 1475 1634 1528 ἡ
1660 1473 1843 1529 μέλαινα
1874 1473 1945 1516 καὶ

384 1552 490 1605 ξηρὰ
533 1552 846 1604 παραπλησίως
882 1555 932 1604 τῇ
972 1555 1046 1603 γῇ,
1090 1549 1138 1589 τὸ
1179 1545 1227 1589 δὲ
1264 1546 1436 1602 φλέγμα
1474 1547 1646 1600 ψυχρὸν
1691 1543 1762 1586 καὶ
1806 1545 1966 1599 ὑγρὸν,

381 1622 526 1675 ὥσπερ
558 1623 606 1663 τὸ
638 1621 772 1673 ὕδωρ.

498 1703 689 1752 Quorum
734 1703 928 1757 plerique
973 1717 998 1743 a
1041 1701 1234 1756 eorporis
1281 1700 1464 1756 singulis
1495 1700 1705 1755 ,partibus
1751 1698 1944 1754 singulos

384 1776 586 1816 humores
626 1774 807 1828 excoqui
847 1774 995 1815 eodem
1034 1773 1160 1814 modo
1206 1775 1381 1826 putasse
1422 1771 1622 1813 videntur
1666 1783 1751 1824 quo
1796 1771 1946 1811 auctor

381 1847 430 1887 de
458 1846 593 1887 morb.
619 1844 681 1886 IV
707 1843 761 1901 (c.
788 1845 844 1886 33
866 1864 921 1878 =
943 1842 1029 1885 VII
1056 1843 1155 1897 544,
1184 1844 1206 1884 7
1233 1842 1312 1897 L.)‚
1339 1842 1412 1897 qui
1439 1842 1712 1884 stomachum
1739 1843 1946 1896 quattuor

383 1931 584 1958 sucorum
628 1915 823 1957 fontibus
869 1929 946 1956 sua
983 1914 1136 1968 cuique
1182 1914 1372 1955 tribuere
1416 1913 1526 1954 vult:
1571 1918 1629 1968 τῷ
1674 1909 1754 1966 μὲν
1798 1911 1942 1966 αἵματι

381 1987 407 2040 ἡ
440 1988 595 2040 καρδίη
635 1988 750 2040 πηγή
785 1985 895 2039 ἐστι,
932 1991 991 2042 τῷ
1031 1983 1079 2026 δὲ
1111 1983 1323 2039 φλέγματι
1361 1984 1387 2038 ἡ
1420 1986 1609 2038 κεφαλή,
1646 1989 1705 2039 τῷ
1739 1980 1788 2024 δὲ
1818 1982 1946 2024 ὕδατι

383 2058 405 2099 ὁ
439 2060 600 2111 σπλήν,
643 2063 693 2111 τῇ
727 2054 774 2097 δὲ
807 2060 913 2111 χολῇ
945 2058 993 2098 τὸ
1026 2058 1188 2111 χωρίον
1219 2056 1267 2096 τὸ
1301 2053 1370 2096 ἐπὶ
1402 2060 1460 2110 τῷ
1493 2054 1635 2108 ἥπατι.
1698 2052 1845 2102 Qualis
1877 2053 1946 2094 his

384 2129 490 2170 locis
517 2128 594 2169 fiat
621 2128 916 2182 commutatio,
942 2127 1067 2168 docet
1087 2126 1346 2167 Aristoteles
1374 2125 1475 2167 Met.
1503 2124 1543 2165 H
1565 2125 1591 2165 4
1618 2140 1658 2179 p.
1683 2125 1795 2166 1044
1821 2139 1847 2165 a
1877 2124 1946 2165 18:

383 2198 630 2253 φλέγματός
662 2198 751 2240 ἐστι
783 2199 932 2251 πρώτη
970 2197 1053 2251 ὕλη
1086 2198 1137 2238 τὰ
1170 2195 1330 2250 γλυκέα
1363 2196 1388 2250 ἢ
1422 2195 1602 2249 λιπαρά,
1639 2199 1771 2250 χολῆς
1809 2192 1856 2236 δὲ
1893 2195 1945 2235 τὰ

382 2270 514 2322 πικρὰ
558 2269 584 2323 ἢ
629 2267 721 2310 ἀλλ’
767 2267 939 2324 ἄττα3),
984 2283 1068 2322 quo
1114 2267 1164 2309 de
1211 2267 1452 2309 accuratius
1497 2267 1642 2320 paullo
1686 2268 1787 2321 post
1829 2263 1946 2321 (21):

383 2339 554 2393 φλέγμα
587 2337 820 2395 (γίγνεται)
860 2338 905 2379 ἐκ
944 2342 1132 2393 λιπαροῦ
1170 2336 1241 2379 καὶ
1280 2336 1480 2391 γλυκέος,
1518 2338 1559 2378 εἰ
1593 2338 1641 2378 τὸ
1674 2337 1860 2390 λιπαρὸν
1898 2335 1945 2377 ἐκ

383 2409 576 2463 γλυκέος.
644 2409 724 2451 His
776 2424 944 2463 quoque
996 2409 1037 2450 in
1080 2409 1334 2450 humoribus
1386 2408 1525 2449 omnis
1570 2410 1765 2462 potestas
1814 2420 1945 2461 penes

505 2563 537 2605 1)
569 2562 650 2596 Nisi
683 2561 763 2606 ipse
797 2561 958 2605 Polybus
991 2562 1120 2595 auctor
1151 2562 1208 2595 est
1239 2560 1325 2594 libri
1357 2560 1402 2594 de
1435 2563 1510 2594 nat.
1537 2560 1632 2594 hom.
1677 2558 1771 2593 Nam
1805 2557 1945 2603 Polybo

385 2620 618 2655 tribuendam
647 2632 727 2655 esse
754 2631 932 2655 venarum
958 2619 1061 2654 illam
1089 2619 1376 2664 descriptionem
1401 2619 1496 2654 libro
1523 2619 1568 2653 de
1592 2618 1668 2652 nat.
1694 2617 1792 2651 hom.
1818 2618 1863 2661 (c.
1888 2619 1946 2659 11)

385 2679 565 2714 inclusam
592 2681 719 2714 narrat
743 2679 964 2715 Aristoteles
999 2680 1101 2723 (hist.
1128 2689 1186 2713 an.
1216 2678 1265 2712 111
1291 2682 1312 2713 3
1338 2689 1422 2722 pag.
1447 2681 1513 2712 512
1540 2677 1564 2710 b
1596 2677 1668 2720 12),
1697 2676 1798 2711 cuius
1823 2675 1945 2710 verbis

386 2740 471 2773 sunt
496 2749 657 2773 consona
683 2750 778 2783 quae
804 2749 915 2783 snpra
941 2737 1028 2772 dixi.
1080 2737 1134 2772 Cf.
1162 2748 1247 2782 pag.
1271 2741 1338 2772 100
1364 2738 1487 2771 annot.
1511 2741 1541 2771 1.

502 2799 537 2841 2)
564 2797 617 2831 De
643 2798 759 2832 morb.
782 2797 797 2830 Ι
817 2801 862 2831 24
888 2797 953 2841 (VI
975 2800 1052 2840 188,
1078 2800 1119 2830 19
1140 2796 1211 2840 L.);
1239 2796 1283 2831 de
1309 2798 1386 2830 nat.
1407 2795 1506 2829 hom.
1528 2799 1546 2830 7
1570 2794 1633 2839 (VI
1654 2798 1709 2837 46,
1734 2798 1792 2835 113
1814 2796 1870 2837 48,
1891 2794 1944 2837 3);

384 2855 610 2890 Menecrates
637 2855 745 2899 (Men.
767 2855 790 2891 l.
806 2856 855 2899 l.).

504 2916 539 2956 3)
569 2914 746 2949 Similiter
773 2916 902 2949 auctor
927 2915 972 2949 de
998 2915 1118 2949 affect.
1140 2917 1183 2948 55
1212 2914 1275 2957 <VI
1303 2917 1388 2957 266,
1415 2917 1435 2948 2
1465 2914 1535 2956 L.):
1567 2911 1613 2946 τὰ
1639 2910 1778 2955 λιπαρὰ
1809 2910 1873 2945 καὶ
1898 2909 1944 2944 τὰ

383 2974 496 3006 πίονα
523 2972 585 3006 καὶ
612 2972 657 3006 τὰ
684 2972 818 3017 γλυκέα
844 2974 1023 3017 ἰ’»γρασιήν
1050 2973 1113 3007 καὶ
1140 2971 1285 3016 φλέγμα
1311 2970 1475 3015 παρέχει.
