2125 3439
1037 215 1328 257 —64—

1032 351 1207 395 Fragm.
1240 349 1335 386 XV.

523 442 739 484 Aristot.
766 441 882 482 hist.
908 439 1054 481 anim.
1074 438 1159 480 VII
1182 441 1203 480 1
1228 455 1267 494 p.
1289 440 1371 481 581
1397 454 1421 479 a
1445 439 1514 480 13:
1541 438 1692 493 φέρειν
1720 435 1768 480 δὲ
1795 438 1963 494 σπέρμα

405 522 576 567 πρῶτον
609 515 783 567 ἄρχεται
823 512 870 552 τὸ
903 511 1037 564 ἄρρεν
1076 510 1134 560 ὡς
1171 509 1241 552 ἐπὶ
1279 511 1326 551 τὸ
1365 511 1477 552 πολὺ
1516 508 1563 550 ἐν
1602 517 1692 558 τοῖς
1725 511 1836 551 ἔτεσι
1874 517 1965 560 τοῖς

407 584 471 633 023
504 583 606 625 ἑπτὰ
638 580 976 636 τετελεσμένοις·
1011 581 1098 635 ἅμα
1130 578 1179 622 δὲ
1210 579 1281 622 καὶ
1308 582 1510 635 τρίχωσις
1535 586 1609 634 τῆς
1633 580 1743 634 ἥβης
1774 580 1963 635 ἄρχεται,

405 655 603 706 καθάπερ
637 652 708 694 καὶ
739 653 792 694 τὰ
823 652 939 707 φυτὰ
971 650 1186 705 μέλλοντα
1219 650 1388 706 σπέρμα
1420 649 1572 706 φέρειν
1605 650 1763 693 ἀνθεῖν
1790 657 1965 703 πρῶτον

402 724 642 778 Ἀλκμαίων
673 721 810 778 φησὶν
844 722 866 764 ὁ
898 722 1219 777 Κροτωνιάτης.
1251 747 1308 750 -

525 794 774 836 Aristotelis
807 793 938 834 verba
970 807 1066 834 cum
1099 792 1240 834 minus
1268 791 1455 834 dilucida
1486 795 1615 847 atque
1643 792 1841 847 expedita
1867 792 1966 846 sint,

407 865 597 921 Scaliger
637 867 834 906 annotat:
878 862 1063 905 ‘Pubem
1101 863 1253 905 florere
1293 863 1397 905 dicit
1435 862 1654 904 Alcmaeo.
1717 861 1831 904 Nam
1870 862 1966 916 quis

405 952 490 978 non
535 936 649 977 dicat
699 935 869 990 plantas
921 933 1124 976 florere‘?'
1185 933 1331 988 Atque
1376 932 1586 975 eiusmodi
1634 933 1965 975 translationem

408 1007 566 1062 (ἄνθος
597 1022 674 1061 pro
707 1003 928 1061 τρίχωσις)
961 1020 984 1046 a
1016 1004 1279 1046 Graecorum
1311 1019 1507 1046 sermone
1541 1004 1726 1046 alienam
1757 1018 1844 1045 non
1876 1018 1967 1046 esse

408 1080 532 1121 docet
560 1078 773 1119 Homerus
804 1075 880 1118 Od.
907 1075 967 1117 XI
994 1076 1097 1117 319:
1129 1065 1239 1131 πρίν
1265 1085 1409 1131 σφωϊν
1439 1074 1526 1118 ὑπὸ
1558 1074 1846 1130 κροτάφοισιν
1878 1075 1969 1116 ἰού-

408 1152 511 1198 λους
551 1147 556 1204 Ι
596 1148 787 1202 ἀνθῆσαι
825 1146 1017 1189 πυκάσαι
1054 1162 1099 1189 τε
1143 1145 1273 1200 γένυς
1317 1144 1503 1188 εὐανθέϊ
1545 1145 1694 1200 λάχνῃ.
1707 1144 1741 1202 ¹)
1802 1144 1968 1187 Vereor

408 1223 553 1260 tamen
584 1233 636 1259 ne
670 1218 746 1259 tali
778 1218 1063 1260 translatione
1097 1232 1222 1259 usum
1254 1232 1346 1260 esse
1377 1217 1687 1259 Alcmaeonem
1720 1231 1771 1258 ex
1803 1215 1968 1258 Aristo-

407 1289 505 1331 telis
544 1289 685 1330 verbis
724 1304 810 1331 non
849 1289 1034 1343 eluceat,
1078 1288 1211 1331 immo
1256 1288 1338 1330 hoc
1379 1291 1551 1330 tantum
1594 1288 1781 1343 propriis
1824 1287 1968 1329 verbis

408 1361 531 1402 illum
570 1359 784 1413 docuisse,
828 1363 877 1401 ut
914 1360 959 1401 in
996 1359 1159 1414 plantis
1198 1359 1347 1400 florem
1389 1358 1526 1400 futuri
1569 1358 1736 1400 fructus
1781 1358 1967 1413 primum

407 1432 625 1482 indicium,
657 1431 720 1472 ita
745 1429 788 1472 in
814 1430 1064 1471 hominibus
1091 1444 1234 1471 comas
1267 1428 1310 1470 in
1338 1429 1546 1483 pudendis
1572 1432 1698 1470 natas
1726 1429 1967 1483 pubertatis

410 1503 582 1558 signum
613 1516 716 1543 esse.
774 1501 924 1555 ltaque
963 1515 1049 1542 non
1081 1500 1409 1542 translationem
1447 1500 1680 1554 quandam,
1718 1500 1790 1541 sed
1829 1503 1967 1542 totam

414 1573 674 1615 sententiam
701 1575 926 1626 totamque
953 1572 1198 1626 plantarum
1226 1571 1534 1625 hominumque
1562 1569 1971 1626 comparationemff)

409 1643 662 1685 Alcmaeoni
698 1641 950 1684 tribuendas
991 1656 1083 1683 esse
1123 1642 1347 1683 contendo.
1410 1641 1533 1690 Quod
1566 1641 1728 1696 optime
1760 1641 1971 1696 probatur

408 1715 491 1756 alio
524 1714 768 1769 fragmento
1489 1742 1492 1744 v

527 1784 689 1826 Schol.
723 1784 780 1825 ad
812 1783 939 1825 Plat.
973 1783 1134 1825 Alcib.
1167 1783 1311 1838 prior
1349 1798 1458 1839 pag.
1494 1783 1630 1825 121E
1671 1783 1805 1839 (dial.
1841 1783 1969 1826 Plat.

410 1857 476 1897 ed.
503 1855 554 1896 K.
574 1854 644 1896 Fr.
670 1854 929 1896 Hermann
956 1854 1014 1895 VI
1041 1853 1164 1909 281):
1190 1856 1285 1896 τότε
1313 1855 1395 1910 γὰρ
1423 1855 1531 1909 (scil.
1559 1855 1625 1896 bis
1652 1858 1818 1910 septem
1846 1856 1969 1897 annis

411 1926 614 1982 peractis)
650 1926 672 1968 ὁ
697 1925 860 1974 τέλειος
893 1924 940 1966 ἐν
965 1925 1070 1979 ἡμῖν
1096 1924 1385 1979 ἀποφαίνεται
1418 1927 1562 1980 λόγος,
1594 1927 1652 1976 ὡς
1674 1922 1971 1982 Ἀριστοτέλης

412 1998 483 2039 καὶ
519 2000 675 2051 Ζήνων
706 1995 776 2038 καὶ
804 1994 1048 2050 Ἀλκμαίων
1081 1996 1103 2038 ὁ
1137 1998 1448 2051 Πυθαγόρειός
1479 2009 1626 2052 φασιν.

531 2071 648 2117 Quae
674 2067 743 2109 hic
764 2067 969 2122 leguntur
989 2082 1113 2109 voces
1141 2067 1164 2109 ὁ
1191 2066 1352 2116 τέλειος
1378 2069 1506 2121 λόγος
1533 2068 1709 2123 faciunt,
1735 2072 1784 2110 ut
1810 2069 1969 2110 eisdem

413 2139 515 2180 viris
547 2139 774 2180 tribuenda
804 2153 895 2179 esse
928 2142 1089 2193 putem,
1122 2153 1229 2193 quae
1262 2138 1421 2180 ibidem
1453 2139 1598 2193 paullo
1630 2139 1908 2194 praecedunt:

531 2210 603 2251 διὰ
635 2211 683 2251 τὸ
715 2211 792 2251 τὸν
823 2211 957 2263 λόγον
989 2211 1084 2251 τότε
1117 2208 1226 2266 (scil.
1260 2213 1426 2264 septem
1457 2209 1579 2251 annis
1606 2209 1812 2267 peractis)
1844 2212 1968 2266 ἄρχε-

412 2285 516 2322 σθαι
549 2283 837 2321 τελειοῦσθαι.

530 2350 733 2405 Sequitur
773 2351 906 2406 igitur
944 2351 1149 2393 Alcmaeo
1189 2351 1576 2394 climactericorum
1621 2368 1831 2395 annorum
1875 2354 1969 2396 doc-

413 2423 568 2463 trinam
601 2422 919 2477 perantiquam,
952 2437 1080 2476 quam
1112 2425 1213 2477 post
1246 2422 1447 2464 Solonem
1479 2423 1578 2479 (frg.
1611 2423 1778 2465 XXVII
1810 2423 1970 2480 Bergk,

414 2493 531 2534 cuius
566 2492 658 2533 vide
690 2490 856 2546 notam)
891 2495 933 2533 et
960 2492 1225 2548 Pythagorei
1258 2493 1415 2548 (Zeller
1442 2492 1487 2535 1⁵
1514 2492 1618 2550 390)
1651 2499 1694 2536 et
1719 2493 1968 2537 Heraclitus

414 2564 514 2617 (Kfrg.
541 2565 592 2605 δῖ
627 2563 765 2618 ByW.)
806 2561 1025 2618 Stoicique
1065 2563 1192 2620 (Dox.
1219 2565 1306 2607 434
1334 2581 1359 2607 a
1388 2564 1460 2621 19)
1501 2569 1544 2608 et
1581 2570 1732 2608 auctor
1770 2567 1820 2608 de
1855 2567 1968 2621 prin-

534 2708 566 2746 1)
593 2704 641 2737 At
669 2715 756 2738 cave
783 2703 990 2738 immisceas
1011 2704 1110 2749 Tyrt.
1134 2710 1188 2749 10,
1211 2710 1255 2740 ‘28
1278 2706 1397 2751 Bergk
1423 2705 1539 2741 νέοισι
1565 2704 1605 2741 δὲ
1631 2704 1744 2741 πάντ’
1768 2702 1965 2751 {niumm}

415 2759 501 2805 ὄφρ’
531 2759 661 2806 ἐρατῆς
694 2760 784 2807 ἥβης
816 2762 954 2806 ἄγλαον
990 2763 1110 2804 ἄνθος
1146 2763 1209 2810 ἔχῃ
1248 2765 1342 2809 sim„
1381 2765 1444 2799 ubi
1483 2763 1575 2812 ἥβης
1613 2765 1733 2806 ἄνθος
1764 2764 1968 2801 iuventutis

417 2822 537 2854 liorem
569 2820 734 2862 viresque
761 2821 924 2863 integras
951 2822 1159 2866 significare
1185 2827 1300 2868 patet.

531 2882 567 2919 2)
604 2878 789 2912 Eiusmodi
827 2880 1028 2915 bestiarum
1067 2882 1352 2927 plantarumque
1390 2884 1686 2928 comparationes
1724 2884 1967 2919 creberrimae

416 2938 512 2982 apud
542 2937 702 2972 medicos
730 2937 901 2981 antiquos
928 2942 975 2983 (v.
1005 2940 1202 2974 Dielesiuln
1232 2942 1352 2978 Herm.
1374 2942 1528 2977 XXVIII
1547 2946 1641 2987 425).
