2125 3439
796 234 1085 274 -19-

164 338 396 392 scriptores
447 353 533 380 non
583 342 734 380 exstat.
798 339 933 380 Porro
984 339 1290 394 gravissimum
1340 342 1405 379 est
1457 337 1608 379 Galeni
1656 336 1720 394 (in

163 407 369 462 Hippocr.
409 409 459 450 de
498 411 583 449 nat.
625 408 738 449 hom.
771 408 850 449 XV
881 410 907 449 5
934 409 1005 452 Κζ)
1042 410 1356 450 testimonium:
1397 415 1575 450 τοιαῦτα
1613 409 1720 464 (scil.

109 481 120 497 ⁸
162 479 521 534 philosophorum
554 479 681 519 modo
714 478 921 529 tractatas)
962 480 1107 532 εὕροις
1139 480 1194 520 ἂν
1227 481 1395 521 ἅπαντα
1427 481 1478 521 τὰ
1510 479 1607 533 περὶ
1640 481 1722 534 φύ-

164 562 271 598 σεως
301 548 648 603 ἐπιγεγραμμένα
686 551 836 602 βιβλία
874 557 961 590 τῶν
1000 554 1197 592 παλαιῶν
1231 552 1490 604 φιλοσόφων
1520 549 1722 604 Ἐμπεδο-

161 619 328 671 κλέους,
356 620 657 673 Παρμενίδου,
683 621 928 671 Μελίσσου,
951 618 1256 673 Ἀλκμαίωνος,
1277 620 1580 673 ἻΙρακλείτου·
1610 619 1724 670 τινὲς

162 687 210 731 δὲ
243 689 322 744 οὐχ
355 690 403 730 ἓν
432 689 542 731 ἀλλὰ
568 691 748 731 πλείονα
775 690 923 743 βιβλία
949 695 1024 742 τῆς
1049 691 1241 742 θεωρίας
1267 689 1528 743 ἐποιήσαντο
1554 693 1724 745 ταύτης.

281 760 419 809 Quem
439 760 598 801 librum
618 759 806 814 primum
834 759 884 800 de
905 760 1033 801 rebus
1058 759 1248 814 physicis
1275 759 1319 801 in
1347 761 1484 802 lucem
1513 763 1722 815 prodiisse

163 830 378 885 Diogenes
417 829 660 886 Laertiusl)
707 834 749 871 et
792 829 989 872 Clemens
1030 830 1389 886 Alexandrinus&
1435 834 1723 874 consentiunt.

163 900 284 950 Quod
311 904 457 956 aperte
484 901 641 943 falsum
669 904 744 942 est.
797 900 909 942 Nam
930 901 1255 955 Anaximandri,
1276 901 1567 955 Anaximenis,
1588 902 1726 944 Xeno-

160 971 316 1026 phanis
347 972 447 1014 libri
481 972 757 1027 antiquiores.
825 973 919 1021 Quo
957 973 999 1013 in
1034 987 1176 1014 errore
1216 973 1468 1027 explicando
1508 974 1568 1014 nil
1605 974 1724 1014 iuvat

163 1058 241 1084 nos
267 1042 577 1098 Philippsonus
610 1042 738 1097 (⁶an
766 1043 963 1097 ἀνθρωπ.
989 1059 1086 1099 pag.
1118 1045 1213 1097 184,
1240 1044 1286 1099 3)
1315 1037 1490 1085 titulum
1518 1044 1616 1098 περὶ
1643 1046 1723 1099 φύ-

162 1125 269 1163 σεως
311 1115 497 1168 primum
542 1114 847 1156 Alcmaeonem
902 1115 1170 1168 inscripsisse
1217 1118 1348 1156 ratus.
1413 1114 1561 1170 Neque
1611 1116 1725 1157 enim

161 1185 335 1225 dubium
370 1185 470 1239 quin
505 1185 613 1225 tales
647 1185 951 1239 inscriptiones
985 1188 1139 1239 quarto
1173 1186 1344 1227 demum
1378 1202 1413 1227 a.
1439 1186 1535 1228 Chr.
1565 1202 1604 1227 n.
1638 1202 1726 1227 sae-

161 1256 257 1297 culo
291 1255 414 1296 libris
447 1255 544 1296 addi
572 1258 748 1310 coeptae
776 1256 874 1309 sint,
908 1270 992 1310 quo
1025 1256 1195 1297 facilius
1231 1257 1331 1311 quid
1364 1257 1469 1298 insit
1496 1272 1725 1312 cognosca-

161 1330 251 1379 tur3
282 1340 360 1368 nec
393 1325 551 1367 mirum
583 1327 697 1381 quod
730 1327 803 1381 qui
836 1318 1112 1368 bibliothecis
1140 1326 1462 1382 (Alexandrinis
1491 1329 1724 1382 imprimisl

160 1397 397 1452 praepositi
436 1400 558 1438 erant
600 1398 800 1439 omnibus
845 1399 918 1452 qui
963 1398 1132 1439 easdem
1175 1413 1241 1440 res
1287 1399 1558 1440 continerent
1602 1400 1724 1441 libris

161 1483 289 1523 quem
327 1468 631 1510 brevissimum
670 1469 922 1510 invenerant
960 1469 1144 1510 indicem
1180 1470 1360 1510 eundem
1400 1470 1724 1524 inscripserunt.

163 1538 450 1588 Quamobrem
478 1539 529 1580 τὰ
556 1547 644 1581 τῶν
670 1543 870 1581 παλαιῶν
896 1540 1064 1581 ἅπαντα
1084 1538 1182 1594 περὶ
1202 1541 1376 1594 φύσεως
1402 1540 1726 1595 ἐπιγέγραπται,

160 1611 211 1651 τὰ
238 1612 486 1664 Μελίσσου,
516 1611 567 1651 τὰ
594 1612 897 1665 Παρμενίδου,
923 1611 974 1652 τὰ
996 1609 1339 1665 Ἐμπεδοκλέους
1362 1611 1653 1666 Ἀλκμαίωνός
1682 1628 1725 1653 τε

159 1679 231 1722 καὶ
263 1683 456 1736 Γοργίου
489 1680 560 1722 καὶ
593 1683 822 1736 Προδίκου
861 1681 932 1723 καὶ
972 1689 1058 1723 τῶν
1098 1683 1243 1724 ἄλλων
1277 1682 1482 1724 ἁπάντων
1516 1683 1724 1725 ‹Galenus

161 1753 205 1793 in
225 1751 355 1806 Hipp.
383 1753 432 1793 de
460 1767 584 1793 carne
612 1752 632 1793 I
653 1754 736 1794 487
760 1751 844 1809 K).
869 1778 925 1782 —
954 1753 1042 1794 Alii
1070 1752 1138 1808 (ut
1164 1753 1409 1796 Bruckerus
1442 1754 1541 1795 hist.
1570 1754 1724 1808 philos.

162 1822 255 1865 crit.
283 1823 298 1863 l
334 1822 465 1878 1131)
491 1824 540 1864 de
568 1823 734 1865 Italicis
762 1823 1033 1878 philosophis
1060 1825 1191 1865 verba
1217 1825 1292 1865 illa
1325 1825 1606 1880 intelligenda
1633 1841 1724 1867 esse

162 1897 330 1949 putant,
362 1894 487 1935 obliti
515 1894 805 1949 Xenophanis.
865 1893 1062 1936 Sittelius
1096 1895 1141 1950 (l.
1169 1895 1212 1948 l.)
1245 1911 1398 1950 parum
1432 1896 1725 1937 verisimiliter

161 1965 212 2006 de
250 1965 423 2019 scriptis
455 1964 831 2021 Pythagoreorum
870 1966 1200 2021 interpretatur,
1238 1967 1300 2007 ita
1338 1970 1386 2008 ut
1424 1967 1529 2008 haec
1567 1967 1723 2008 notitia

161 2035 334 2077 fluxerit
360 2051 382 2077 e
408 2035 520 2077 libro
549 2036 730 2091 quodam
754 2036 804 2077 de
827 2036 1126 2092 Pythagoreae
1148 2037 1400 2092 disciplinae
1422 2038 1720 2079 sectatoribus.

161 2108 221 2148 At
252 2106 344 2161 ipse
377 2106 594 2162 Diogenes
633 2122 719 2149 non
757 2122 842 2148 uno
882 2108 976 2149 loco
1019 2107 1147 2163 (VIII
1179 2110 1230 2149 15
1271 2112 1314 2149 et
1347 2108 1422 2163 ss»)
1457 2108 1723 2150 Demetrium

160 2176 407 2233 Magnetem
453 2181 625 2220 secutus
670 2181 817 2233 aperte
861 2182 993 2234 negat
1038 2182 1137 2220 ante
1178 2179 1420 2220 Philolaum
1465 2194 1722 2234 quemquam

159 2248 482 2305 Pythagoreum
503 2250 662 2291 librum
684 2249 890 2291 emisisse.
929 2249 1065 2291 Porro
1086 2265 1285 2304 perverse
1303 2249 1544 2292 Schoellius
1563 2251 1725 2305 (siesele.

159 2321 196 2361 cl.
218 2320 365 2374 yriech.
394 2321 489 2362 Lz'tt.
516 2320 672 2375 [1828]
707 2320 721 2360 l
752 2335 850 2376 pag.
871 2319 978 2376 436)
1005 2321 1193 2375 primum
1217 2321 1523 2363 Alcmaeonem
1550 2323 1599 2362 de
1629 2337 1724 2363 nua—

162 2391 298 2432 tomia
323 2391 546 2446 scripsisse
574 2394 717 2446 putat;
744 2407 871 2446 quem
898 2392 1119 2447 redarguit
1141 2391 1327 2434 Galenus
1356 2394 1405 2433 de
1433 2396 1546 2433 anat.
1569 2393 1722 2433 admin.

160 2461 201 2502 Il
230 2465 243 2502 l
274 2460 337 2517 (II
360 2463 442 2504 282
462 2461 532 2518 K.)
555 2464 807 2516 ἔμπροσθεν
828 2461 867 2504 δ’
893 2463 945 2504 οὐ
966 2465 1104 2517 μόνον
1126 2463 1412 2519 ἐγχειρήσεων
1434 2464 1725 2516 ἀνατομικῶν,

160 2530 256 2573 ἀλλ’
292 2530 394 2574 οὐδὲ
428 2533 779 2587 συγγραμμάτων
818 2532 957 2575 ε’δεῐτο
995 2535 1228 2583 τοιούτων,
1268 2535 1396 2576 ὁποῖα
1429 2538 1622 2588 Διοκλῆς
1661 2531 1723 2576 ὧν

281 2675 315 2717 1)
342 2673 365 2707 l.
386 2673 408 2707 l.
443 2674 553 2707 δοκεῖ
580 2670 619 2706 δὲ
653 2677 796 2716 πρῶτος
828 2673 988 2717 φυσικὸν
1021 2672 1130 2718 λόγον
1163 2673 1461 2719 συγγεγραφέναι
1495 2674 1599 2708 καθά
1633 2687 1721 2718 φησι

162 2733 377 2779 Φαβωρῖνος
403 2729 443 2767 ἔν
468 2733 691 2776 παντοδαπῇ
721 2729 872 2779 ἴστορίᾳ.

280 2793 316 2837 2)
343 2792 475 2826 Strom.
498 2791 514 2825 I
534 2795 590 2834 26,
613 2794 656 2825 78
682 2790 730 2833 (ll
753 2796 796 2825 55
819 2791 958 2835 Klotz):
983 2790 1180 2836 Ἀλκμαίων
1206 2798 1296 2836 γοῦν
1319 2794 1488 2836 Περίθου
1515 2793 1724 2837 Κροτωνιά-

159 2865 223 2896 της
254 2856 398 2896 πρῶτος
429 2850 590 2895 φυσικὸν
621 2850 730 2894 λόγον
769 2848 979 2893 συνέταξεν.
1033 2850 1083 2884 Ex
1117 2863 1158 2886 eo
1191 2850 1445 2886 Theodoretus
1480 2854 1569 2890 (cur.
1602 2864 1724 2896 graec.

159 2911 279 2946 affect.
301 2922 384 2955 pag.
410 2914 452 2944 19
478 2909 665 2953 Gaisford)
692 2911 851 2955 sumpsit
883 2910 990 2945 haec:
1022 2909 1173 2955 Ἀλκμὰν
1207 2910 1226 2945 ὁ
1253 2909 1439 2955 Πειρίθου
1468 2912 1724 2955 Κροτωνιάτης

159 2969 202 3005 ὃν
228 2967 375 3015 πρῶτόν
401 2981 494 3013 φασι
520 2969 606 3014 περὶ
631 2968 778 3012 φύσεως
804 2969 1103 3015 συγγεγραφέναι
1129 2969 1248 3015 λόγον.

1394 3030 1440 3051 a*
