2125 3439
1047 246 1336 286 ..74—

415 355 486 398 καὶ
526 355 678 409 φιλίαν
716 353 763 396 ἐν
801 353 971 406 αὐτοῖς,
1000 351 1102 394 Ἴων
1141 350 1181 392 δ’
1217 350 1271 393 οὐ
1308 352 1441 393 πλείω
1478 357 1633 406 τριῶν,
1669 349 1892 406 Ἀλκμέων
1931 349 1978 395 δὲ

415 427 496 468 δύο
528 427 642 480 μόνα
673 428 761 467 κτλ.

533 495 674 551 Diog.
703 494 800 536 Lae
813 497 871 535 rt.
899 493 1006 536 VIII
1033 494 1108 537 832
1141 494 1193 536 τὰ
1225 493 1403 536 πλεῖστά
1429 491 1469 548 γ’
1501 493 1671 547 ἰατρικὰ
1700 491 1830 547 λέγει,
1862 493 1979 548 ὅμως

417 565 465 610 δὲ
498 565 569 609 καὶ
601 569 864 621 φυσιολογεῖ
899 564 1038 607 ἐνίοτε
1075 563 1232 619 λέγων·
1272 565 1370 606 Δύο
1402 564 1454 606 τὰ
1484 565 1625 606 πολλά
1657 563 1747 606 ἐστι
1785 571 1873 606 τῶν
1905 564 1979 607 ἆν-

415 640 668 694 θρωπίνων.
1633 628 1641 634 ’

532 706 875 750 Ps.-Clemens
909 707 1039 763 apud
1070 706 1317 749 Rufinum
1350 707 1601 763 recognit.
1629 707 1737 748 VIII
1764 707 1815 749 15
1836 705 1977 763 (Dox.

415 780 538 838 250):
584 779 818 822 Alcmaeon
863 778 1194 821 contrarietates
1242 777 1483 833 (elementa
1527 778 1840 833 principiorum
1884 793 1977 820 esse

416 850 552 908 dicit).
583 875 641 880 —

532 922 584 963 In
619 921 866 963 Aristotelis
898 920 1026 962 huius
1059 919 1274 962 enuntiati
1306 919 1711 974 interpretationem
1750 920 1866 975 παρὰ
1898 917 1979 975 μὲν

414 990 495 1036 οὖν
527 994 695 1035 τούτων
727 992 894 1047 ἀμφοῖν
925 997 1139 1033 τοσοῦτον
1172 992 1262 1032 ἔστι
1297 992 1469 1045 λαβεῖν,
1508 990 1575 1032 ὅτι
1607 989 1816 1033 τάναντία
1848 989 1978 1047 ἀρχαὶ

412 1072 500 1106 τῶν
533 1066 673 1107 ὄντων
707 1062 920 1105 Sanderus
953 1077 1089 1117 nuper
1120 1061 1316 1103 invectus
1355 1061 1525 1103 monuit
1564 1061 1702 1103 multo
1743 1062 1875 1104 latius
1907 1077 1979 1118 pa-

412 1138 501 1177 tere
539 1136 590 1176 τά
628 1135 738 1177 ὄντα
773 1148 902 1189 quam
938 1133 990 1174 τὰ
1029 1131 1310 1187 ἀνθρώπινα,
1347 1132 1411 1174 ita
1449 1135 1498 1174 ut
1538 1133 1677 1175 bonus
1713 1133 1976 1176 Aristoteles

416 1219 584 1260 quoque
611 1204 826 1246 interdum
853 1203 1088 1245 dormitare
1115 1203 1333 1258 putandus
1360 1203 1430 1258 sit,
1455 1203 1540 1245 nisi
1565 1203 1678 1247 forte
1706 1204 1791 1247 alia
1816 1204 1979 1247 fuerint

412 1275 686 1318 Alcmaeonis
719 1275 852 1330 dicta,
891 1289 998 1329 quae
1036 1274 1283 1317 huiusmodi
1315 1275 1689 1330 interpretationis
1729 1276 1899 1331 copiam
1939 1276 1978 1318 ei

413 1346 617 1388 dederint.

533 1416 615 1459 Sed
640 1432 692 1459 ne
720 1417 907 1460 voluisse
935 1417 1108 1474 quidem
1134 1416 1390 1459 contendere
1410 1416 1693 1460 Aristotelem
1722 1419 1976 1461 crediderim

414 1497 514 1531 τῶν
553 1490 718 1530 ὄντων
757 1488 970 1543 principia
999 1488 1306 1531 Alcmaeonem
1343 1490 1520 1543 putasse
1553 1488 1781 1531 contraria.
1843 1489 1976 1533 Vides

413 1560 699 1603 Aristotelem
736 1559 818 1602 hoc
857 1560 1035 1601 verbum
1075 1574 1123 1602 eo
1164 1561 1333 1601 tantum
1371 1559 1466 1601 loco
1506 1559 1728 1616 adhibere,
1767 1576 1851 1616 quo
1889 1576 1977 1604 non

417 1632 466 1673 de
500 1631 592 1673 solo
619 1631 894 1685 Alcmaeone,
926 1631 1000 1673 sed
1026 1631 1075 1672 de
1102 1629 1390 1686 Pythagoreis
1423 1645 1592 1686 quoque
1625 1631 1829 1687 loquitur.
1884 1632 1977 1675 Iam

414 1717 508 1744 cum
547 1717 635 1744 non
672 1702 715 1744 id
753 1705 926 1758 agatur,
967 1704 1115 1743 utrum
1151 1709 1239 1744 τῶν
1279 1703 1421 1744 ὄντων
1460 1717 1514 1754 an
1551 1710 1639 1744 τῶν
1676 1701 1977 1759 ἀνθρωπίνων

412 1774 625 1829 principia
663 1773 995 1815 contrarietates
1035 1773 1139 1828 sint,
1185 1773 1259 1815 sed
1295 1773 1341 1814 in
1378 1787 1480 1815 voce
1520 1772 1697 1816 ἐναντία
1736 1775 1976 1818 sententiae

413 1845 476 1886 vis
509 1847 686 1898 totaque
720 1844 987 1899 comparatio
1019 1844 1162 1899 posita
1197 1844 1272 1899 sit,
1310 1844 1393 1886 hoc
1423 1860 1622 1900 premens
1655 1844 1764 1887 illud
1795 1846 1974 1889 minoris

412 1915 482 1957 hic
515 1918 629 1957 certe
661 1915 870 1957 momenti
903 1929 994 1957 esse
1028 1915 1266 1957 arbitratus
1299 1915 1441 1957 verbis
1481 1915 1688 1958 τάναντία
1727 1916 1856 1972 ἀρχαὶ
1888 1925 1976 1960 τῶν

414 1988 554 2028 ὄντων
586 2001 672 2028 non
705 1986 868 2028 addidit
902 1985 1151 2041 (molestum
1185 1987 1298 2028 enim
1332 1985 1444 2043 erat)
1477 1986 1503 2042 ἢ
1535 1995 1622 2029 τῶν
1655 1987 1971 2043 ἀνθρωπίνων,

417 2057 489 2098 sed
523 2060 571 2098 ut
602 2056 684 2099 hoc
717 2058 770 2099 ab
803 2057 898 2099 loco
933 2057 1121 2099 alienum
1155 2058 1315 2099 omisit.
1376 2057 1591 2100 Isocrates
1625 2061 1771 2100 autem
1809 2063 1852 2101 et
1884 2060 1976 2116 ipse

413 2128 464 2169 τὰ
497 2128 601 2169 ὄντα
641 2128 876 2183 significari
915 2131 1035 2170 ratus
1075 2126 1132 2185 (si
1165 2129 1291 2170 modo
1325 2131 1445 2170 ratus
1480 2127 1566 2185 est)
1606 2135 1768 2184 quanta
1799 2130 1857 2173 sit
1893 2132 1976 2174 fide

412 2213 537 2240 nemo
571 2197 654 2240 erit
686 2199 788 2253 quin
822 2214 842 2240 e
877 2202 1081 2242 contextu
1113 2200 1198 2242 loci
1231 2199 1384 2241 videat.

530 2269 759 2312 Praeterea
804 2285 932 2325 quam
984 2271 1074 2325 ipse
1124 2269 1381 2326 sanderus1)
1434 2271 1600 2326 profert
1645 2273 1976 2327 explicationem

413 2355 687 2396 nequaquam
718 2342 1002 2396 probaverim.
1066 2341 1394 2384 Contrariorum
1427 2343 1541 2384 enim
1574 2344 1770 2399 exempla
1801 2345 1855 2387 ab
1881 2345 1977 2388 Ari-

417 2413 573 2454 stotele
598 2413 730 2454 allata
750 2411 928 2469 (λευκὸν
949 2412 1099 2467 μέλαν,
1126 2415 1266 2467 γλυκὺ
1293 2415 1466 2469 πικρόν,
1493 2413 1665 2468 ἀγαθὸν
1690 2417 1841 2470 κακόν,
1866 2415 1976 2471 μέγα

415 2484 591 2539 μικρόν)
626 2484 677 2525 ad
711 2498 865 2539 corpus
899 2487 1069 2526 tantum
1094 2485 1330 2526 humanum
1357 2485 1571 2540 pertinere
1598 2485 1703 2527 vult.
1758 2484 1840 2529 Sed
1865 2487 1975 2530 hanc

413 2555 815 2610 interpretationem
842 2554 997 2597 falsam
1019 2570 1109 2597 esse
1137 2571 1234 2598 cum
1254 2556 1339 2598 alia
1360 2557 1514 2598 docent
1534 2559 1628 2599 tum
1648 2571 1774 2600 voces
1798 2557 1973 2612 ἀγαθὸν

415 2629 564 2679 κακόν,
598 2641 702 2681 quas
729 2626 872 2668 ethica
897 2627 1064 2669 ratione
1091 2627 1395 2683 intelligendas
1422 2642 1514 2670 esse
1547 2628 1654 2669 mihi
1681 2628 1852 2683 quidem
1879 2644 1975 2672 con·

414 2700 511 2737 stat.
575 2696 686 2737 Nam
719 2698 781 2739 eis
814 2698 1106 2740 locutionibus
1147 2713 1252 2754 quas
1287 2698 1502 2741 Sanderus
1536 2699 1684 2740 laudat
1718 2703 1767 2741 ut
1798 2699 1973 2755 ἀγαθὸν

534 2815 567 2855 1)
595 2812 877 2858 Philippsonum
897 2814 933 2859 (l.
955 2815 979 2849 l.
1001 2826 1084 2860 pag.
1110 2817 1188 2861 185)
1214 2816 1256 2850 ut
1276 2815 1422 2851 videtur
1443 2819 1602 2859 secutus,
1629 2816 1693 2860 qui
1715 2815 1771 2851 ‘In
1791 2816 1968 2853 hominin’

412 2871 533 2916 inquit
561 2872 768 2915 ‘corpore
794 2872 956 2917 plurima
982 2874 1054 2909 duo
1075 2877 1170 2918 sunt,
1198 2875 1324 2910 album
1351 2876 1389 2910 et
1411 2874 1569 2920 nigrum,
1597 2875 1704 2910 dulce
1730 2877 1768 2911 et
1792 2887 1972 2921 amarum,

413 2932 548 2966 bonum
571 2932 607 2965 et
627 2931 776 2975 malum,
804 2942 958 2976 parvum
980 2934 1017 2967 et
1037 2933 1243 2977 magnum’.
1285 2933 1480 2969 Contrario
1502 2944 1623 2969 errore
1646 2934 1752 2970 Unna
1774 2936 1874 2980 (pag.
1895 2937 1972 2981 54):

415 2989 562 3025 ‘Ethica
587 2989 682 3025 ratio
710 2990 746 3024 in
773 2991 896 3026 oculos
923 2990 1082 3026 incidit’.
