2125 3439
802 219 1092 259 —39—

166 327 426 370 diiudicatur
451 327 557 369 haec
584 341 664 381 res,
689 327 772 369 hoc
792 325 1046 368 Alcmaeoni
1072 325 1187 367 laudi
1214 325 1401 367 dandum
1426 339 1517 366 esse
1545 324 1727 378 videtur,

166 399 280 453 quod
311 398 476 454 primus
514 399 624 440 hanc
663 398 716 438 ad
746 411 944 438 normam
981 395 1179 438 homines
1221 412 1246 438 a
1278 395 1431 438 ceteris
1465 395 1724 437 animalibus

165 469 420 526 segregavit.
434 468 465 524 ¹)
530 467 622 516 Qua
657 467 854 510 doctrina
893 470 1103 522 quantum
1141 468 1254 508 inter
1286 467 1484 522 aequales
1518 466 1723 508 Alcmaeo

166 539 446 595 praestiterit,
479 538 730 580 Aristotelis
758 538 912 579 docent
939 538 1068 579 verba
1101 539 1296 592 quamvis
1325 538 1523 593 improba
1553 537 1597 578 in
1622 552 1724 578 non-

164 610 308 652 nullos
339 608 642 664 philosophos:
676 608 723 650 oc
750 607 924 663 ἀρχαῖοι
956 609 1004 649 τὸ
1031 615 1214 663 φρονεῖν
1248 608 1319 650 καὶ
1352 611 1400 651 τὸ
1427 609 1724 650 αἰσθάνεσθαι

160 681 320 722 ταυτὸν
364 676 482 721 εἶναι’
521 690 656 734 φασιν
702 677 772 735 (de
811 693 878 720 an.
910 677 976 720 III
1014 678 1040 720 3
1083 693 1178 734 pag.
1213 680 1296 721 427
1331 696 1355 720 a
1386 678 1480 735 21)3
1527 682 1569 720 et
1608 682 1723 721 recte

160 749 472 805 Philippsonus
504 763 557 790 ne
590 749 730 804 ipsum
766 749 939 803 quidem
967 747 1222 804 Stagiritam
1250 749 1510 791 Alcmaeone
1544 750 1724 791 meliora

159 821 427 877 excogitasse
468 823 666 862 annotat:
705 820 771 862 ὅτι
803 817 884 874 μὲν
917 816 998 862 οὗν
1032 819 1084 862 οὐ
1117 819 1276 862 ταύτόν
1310 820 1399 862 ἐστι
1435 822 1482 862 τὸ
1516 821 1723 862 αἰσθάνε-

163 896 270 934 σθαι
299 890 371 934 καὶ
395 893 443 934 τὸ
470 899 669 947 φρονεῖν,
702 893 916 947 φανερόν·
949 897 1028 933 τοῦ
1061 888 1141 945 μὲν
1173 892 1256 945 γὰρ
1289 897 1395 933 πᾶσι
1427 890 1612 946 μέτεστι,
1643 897 1722 933 τοῦ

159 961 207 1006 δὲ
240 964 408 1018 ὀλίγοις
438 971 525 1005 τῶν
559 961 678 1020 ζςόων
707 962 781 1019 (ib.
809 963 836 1004 b
864 961 920 1018 6).
972 961 1257 1017 Empedocles
1286 965 1442 1017 autem,
1470 977 1596 1017 quem
1622 962 1720 1004 Alc-

157 1035 348 1077 maeonis
374 1035 532 1076 librum
558 1034 603 1076 in
631 1048 707 1076 suo
734 1032 833 1088 περὶ
859 1034 1032 1089 φύσεως
1061 1048 1188 1088 opere
1217 1033 1525 1076 conscribendo
1552 1034 1721 1090 saepius

157 1106 403 1149 adhibuisse
440 1105 553 1147 infra
584 1107 800 1160 patescet,
836 1105 937 1147 huic
975 1105 1020 1146 ni
1059 1104 1187 1146 fallor
1218 1104 1495 1147 Alcmaeonis
1529 1105 1722 1160 opinioni

156 1177 398 1220 contrarius
439 1177 629 1231 exsistit,
668 1191 766 1218 cum
805 1191 955 1218 sensus
996 1192 1020 1218 a
1059 1177 1225 1218 ratione
1266 1177 1594 1233 distinguendos
1629 1192 1721 1219 esse

155 1252 198 1291 et
230 1249 322 1304 ipse
355 1248 592 1290 arbitratus
627 1246 796 1304 (Rohde
829 1247 996 1302 Psyche
1030 1262 1128 1303 pag.
1155 1246 1260 1301 469)
1294 1251 1438 1290 tamen
1472 1249 1613 1290 docet:

271 1319 436 1362 πάντα
468 1320 551 1375 γὰρ
585 1323 680 1361 ἴσθι
712 1306 931 1374 φρόνησιν
964 1321 1079 1374 ἔχειν
1111 1318 1183 1360 καὶ
1216 1320 1417 1374 νώματος
1449 1316 1593 1374 αἶσαν,

152 1391 392 1433 sententiae
426 1391 513 1437 vim
546 1390 776 1432 verborum
809 1390 1026 1445 positione
1059 1390 1292 1432 manifesto
1326 1405 1501 1447 augens.

271 1462 423 1518 Itaque
457 1462 575 1504 solus
607 1462 737 1504 homo
770 1461 939 1504 ratione
972 1464 1038 1503 est
1071 1461 1306 1517 praeditus,
1341 1477 1424 1517 qua
1458 1477 1720 1517 quamquam

152 1534 305 1577 bestiis
336 1536 548 1589 praestat,
580 1548 604 1575 a
636 1533 726 1575 deis
760 1533 889 1589 longe
923 1536 1163 1588 superatur.
1228 1532 1321 1582 Qua
1352 1533 1402 1575 de
1436 1548 1566 1575 causa
1598 1538 1720 1576 cavet

152 1606 356 1648 Alcmaeo
388 1620 441 1647 ne
473 1604 656 1647 nimium
688 1603 848 1646 rationi
880 1604 1065 1658 tribuat,
1103 1605 1165 1646 ita
1202 1607 1249 1646 ut
1282 1604 1326 1645 in
1359 1605 1540 1646 occultis
1575 1621 1718 1647 rerum

152 1677 292 1720 causis
324 1676 597 1732 explorandis
630 1676 681 1717 ad
709 1676 979 1718 coniecturas
1013 1676 1210 1732 refugere
1242 1690 1329 1718 non
1357 1675 1613 1731 dedignetur
1646 1676 1717 1718 ille

155 1748 345 1803 quidem,
395 1749 468 1790 sed
513 1762 642 1803 quam
686 1747 786 1790 illae
831 1748 919 1789 sint
964 1747 1150 1790 incertae
1201 1762 1421 1802 nunquam
1464 1747 1630 1790 nesciat
1675 1751 1719 1790 et

151 1819 272 1861 vanis
317 1819 601 1874 futilibusque
648 1818 923 1874 opinionibus
972 1819 1304 1874 commenticiis,
1355 1833 1462 1874 quae
1514 1833 1717 1860 sensuum

151 1890 475 1933 confirmatione
514 1891 640 1946 plane
680 1893 871 1946 careant,
914 1889 958 1932 in
996 1890 1124 1932 rebus
1163 1890 1323 1932 abditis
1362 1889 1564 1945 progredi
1605 1890 1717 1931 nolit

150 1960 221 2018 (cf.
249 1961 400 2018 fragm.
428 1961 589 2018 XVII),
622 1962 675 2004 ab
704 1960 916 2004 Heracliti
942 1961 1296 2016 Parmenidisque
1323 1961 1555 2003 insolentia
1580 1976 1717 2003 remo-

150 2033 356 2075 tissimus.
407 2032 526 2075 Haec
553 2036 619 2075 est
653 2048 737 2088 qua
764 2032 928 2076 medico
961 2033 1287 2090 ingrediendum
1314 2035 1381 2074 est
1407 2033 1487 2087 via,
1519 2048 1597 2075 nec
1623 2034 1714 2075 sine

149 2118 308 2160 magno
339 2104 574 2146 medicinae
604 2103 864 2146 detrimento
898 2104 1060 2146 factum
1086 2107 1164 2159 est,
1197 2107 1246 2145 ut
1271 2104 1532 2159 posteriores
1560 2105 1715 2147 medici

149 2175 452 2231 philosophiae
478 2176 618 2232 magis
647 2190 775 2230 quam
797 2176 1031 2218 medicinae
1053 2175 1221 2218 ratione
1249 2176 1299 2218 de
1320 2176 1497 2218 humani
1522 2177 1714 2231 corporis

150 2251 305 2290 natura
342 2246 477 2290 locuti
515 2247 637 2289 vanis
678 2246 937 2289 coniecturis
978 2246 1270 2303 indulgerent3
1313 2262 1420 2302 quae
1463 2248 1714 2303 opinionum

151 2321 396 2362 commenta
428 2332 506 2360 suo
539 2318 632 2360 iure
664 2317 883 2373 vituperat
915 2317 1016 2359 libri
1056 2318 1105 2359 de
1140 2317 1284 2373 prisca
1316 2318 1528 2361 medicina
1565 2322 1715 2362 auctor

150 2389 379 2446 (Hippocr.
404 2389 424 2430 I
445 2390 484 2443 2,
508 2390 527 2431 1
558 2388 832 2446 Kiihlewein)
862 2404 989 2444 quem
1012 2389 1286 2431 Alcmaeonis
1312 2389 1475 2444 placita
1501 2391 1713 2445 respicere

152 2461 263 2503 infra
301 2460 557 2502 videbimus:
604 2461 673 2502 διὸ
717 2459 798 2502 οὐκ
835 2460 989 2515 ἠξίουν
1029 2462 1164 2515 ἔγωγε
1203 2460 1373 2517 κενῆςῖ)
1419 2460 1557 2515 αὐτὴν
1602 2460 1712 2517 (scil.

153 2530 428 2587 medicinam)
462 2530 700 2581 ὑποθέσιος
732 2532 908 2574 δεῖσθαι
947 2532 1091 2588 ὥσπερ
1129 2533 1181 2574 τὰ
1213 2530 1382 2587 ἀφανέα
1420 2531 1491 2574 καὶ
1530 2532 1712 2589 ἀπορεό-

271 2674 304 2716 1)
331 2671 546 2707 Brandisius
577 2673 702 2707 tamen
736 2672 874 2717 (Gesch.
901 2673 935 2707 d.
962 2673 1222 2717 Entwicklzmq
1248 2674 1281 2708 d.
1303 2672 1445 2708 Philos.
1467 2674 1479 2707 I
1503 2675 1585 2718 190)
1611 2674 1710 2710 haud

149 2734 249 2768 recte
276 2730 394 2767 solam
421 2730 571 2767 vivendi
596 2731 814 2767 facultatem
844 2731 1212 2777 („Lebensprimip“)
1244 2731 1291 2766 ab
1319 2732 1544 2769 Alcmaeone
1571 2734 1710 2779 plantis

149 2802 361 2827 concessam
389 2801 469 2826 esse
495 2790 599 2827 dicit.
642 2791 868 2836 Magnopere
896 2790 993 2825 enim
1020 2791 1136 2826 distat
1161 2793 1226 2826 aut
1251 2791 1331 2827 sola
1358 2791 1504 2827 vivendi
1531 2792 1710 2829 facultate

148 2850 360 2896 praeditum
385 2860 465 2886 esse
491 2853 556 2885 aut
580 2853 729 2895 praeter
754 2861 836 2886 eam
864 2850 1041 2894 sensibus,
1069 2861 1181 2894 quare
1202 2850 1340 2886 bestias
1367 2863 1389 2886 a
1409 2851 1548 2896 plantis
1571 2851 1708 2887 Aristo-

149 2910 242 2945 teles
269 2909 416 2954 saepius
443 2909 640 2955 distinguit
663 2910 724 2954 (de
750 2921 858 2945 sensu
883 2909 978 2945 43ss¹¹
1003 2915 1054 2954 10,
1081 2909 1156 2954 al.).

269 2974 302 3003 2·
328 2967 510 3014 Gomperz
537 2969 676 3005 Grieeh.
698 2969 842 3005 Dent-er
867 2974 935 3005 245
951 2981 1003 3014 sq.
