2125 3439
169 352 238 393 28.
284 350 428 393 Genus
462 351 586 392 Arati
618 350 783 405 (Biogr.
818 351 892 404 56,
924 349 990 395 55:
1030 350 1077 391 ἐν
1114 357 1205 398 τοῖς
1242 351 1417 404 χρόνοις
1455 345 1494 389 δ’
1531 347 1701 402 ἐγένετο

280 422 387 464 κατὰ
421 421 705 474 Φιλάδελφον
736 421 813 461 τὸν
845 419 1039 474 βασιλέα.

262 504 389 545 Vides
421 503 558 558 igitur
589 516 737 542 vocem
766 500 936 554 ἐγένετο
965 503 1101 543 multo
1130 503 1300 556 saepius
1327 502 1439 542 idem
1473 502 1555 542 sibi
1590 502 1696 542 velle

76 581 78 583 ’
140 576 251 630 quod
283 572 339 628 ἦν
371 571 517 629 (vixit)
557 587 685 626 quam
726 573 838 626 quod
878 571 1096 626 ἐγεννήθη
1137 572 1283 626 (natus
1317 572 1414 627 est).
1478 574 1541 613 Ac
1574 573 1703 613 verba

140 647 214 687 illa
257 643 540 686 Aristotelica
590 658 642 684 ne
695 646 912 684 vertamus
965 642 1115 683 ‘natus
1167 647 1232 683 est
1281 643 1530 697 Pythagora
1580 643 1702 684 senc'

139 718 285 757 monet
335 715 466 756 etiam
518 715 630 768 quod
676 714 847 755 additur
896 715 975 768 τὴν
1018 713 1202 767 ἡλικίαν.
1269 714 1379 761 Quid
1425 714 1538 754 enim
1590 717 1703 754 esset

137 786 354 840 ἐγεννήθη
393 786 473 839 τὴν
505 785 708 838 ἡλικιάνῖ)
759 784 880 833 Quod
921 784 1118 838 equidem
1158 798 1294 838 neque
1328 784 1526 837 intelligo
1567 799 1702 837 neque

137 871 319 912 usquam
360 870 425 897 me
464 856 606 911 legere
647 856 834 897 memini.
898 855 1026 897 Dicat
1066 855 1280 909 quispiam
1321 854 1573 895 vertendum
1610 869 1702 894 esse

138 928 259 969 Deme
291 941 378 969 was
408 928 494 969 sein
527 927 721 969 Zeitalter
753 927 942 980 anlauyt,
980 940 1022 967 so
1060 927 1199 967 warde
1230 940 1272 966 er
1299 925 1467 979 yeboren
1503 927 1581 966 etc.
1647 925 1704 965 At

138 1002 251 1041 certe
285 998 557 1040 scribendum
590 1001 683 1040 erat
718 1001 885 1039 mutato
920 997 1066 1039 ordine
1100 998 1179 1051 τὴν
1212 995 1386 1050 ἡλικίαν
1428 994 1496 1037 ἐπὶ
1530 994 1702 1049 γέροντι

140 1072 388 1125 Πυθαγόρᾳ
416 1067 661 1124 Ἀλκμαίων
693 1068 887 1123 ἐγένετο,
927 1069 989 1109 ita
1031 1072 1078 1110 ut
1112 1068 1250 1109 omnis
1285 1067 1525 1109 sententiae
1559 1067 1622 1107 vis
1664 1067 1705 1106 in

140 1140 280 1181 verbis
318 1141 398 1194 τὴν
429 1139 605 1193 ἡλικίαν
643 1140 787 1194 posita
820 1143 944 1181 esset.
958 1138 990 1195 ¹)
1054 1140 1191 1181 Immo
1232 1154 1358 1180 voces
1396 1139 1476 1192 τὴν
1512 1137 1574 1191 ἡλ.
1609 1152 1704 1178 cum

137 1209 309 1264 ἐγένετο
349 1210 566 1251 artissime
599 1225 691 1252 esse
731 1210 968 1266 iungendas
1008 1211 1100 1265 ipse
1140 1226 1223 1265 quo
1263 1210 1420 1252 cadunt
1459 1209 1591 1250 verba
1629 1209 1704 1249 illa

136 1295 340 1323 numerus
391 1281 526 1323 docet.
589 1280 774 1322 Proinde
823 1284 1041 1327 vertamus
1088 1280 1257 1322 ‘vixit’2
1309 1281 1395 1322 iam
1440 1280 1501 1321 nil
1546 1281 1703 1322 habere

138 1352 387 1394 offensionis
420 1352 526 1393 illud
557 1352 637 1406 τὴν
670 1351 844 1405 ἡλικίαν
882 1354 931 1392 ut
963 1352 1102 1393 discas
1131 1351 1420 1405 comparanda
1447 1354 1548 1392 sunt
1581 1351 1704 1392 haec:

257 1435 403 1491 Biogr.
431 1450 470 1489 p.
501 1435 597 1490 161,
622 1436 671 1476 19
697 1434 944 1476 Westerm.:
977 1436 1153 1490 χρόνοις
1179 1432 1331 1487 γε’γονε
1360 1432 1470 1488 (scil.
1496 1433 1704 1487 Epichar-

353 1503 468 1561 mus)
499 1505 607 1546 κατὰ
640 1506 721 1559 τὴν
754 1503 823 1558 ογ’
858 1505 1120 1559 ὀλυμπιάὸα.

257 1588 366 1630 Ibid.
396 1589 492 1642 166,
517 1589 592 1629 44:
627 1588 816 1629 Πλάτων
848 1588 1041 1642 γεγονὼς
1073 1595 1165 1637 τοῖς
1194 1589 1370 1642 χρόνοις
1396 1584 1488 1628 κατ’
1516 1585 1705 1642 Ἀριστο-

353 1659 514 1714 φάνην.

256 1731 364 1772 Ibid.
391 1731 487 1784 184,
509 1731 612 1772 321:
640 1738 733 1780 τοῖς
758 1732 935 1785 χρόνοις
960 1727 1016 1784 ἧν
1043 1729 1153 1783 (scil.
1181 1728 1369 1784 Sophro)
1396 1730 1501 1770 κατὰ
1530 1728 1707 1782 Ξέρξην.

258 1815 366 1856 Ibid.
393 1814 501 1868 206,
532 1815 572 1854 l:
613 1815 872 1867 Θεόπομπος
910 1813 1104 1867 γεγονὼς
1141 1820 1233 1862 τοῖς
1270 1814 1446 1866 χρόνοις
1483 1813 1590 1853 κατὰ
1630 1813 1708 1866 τὴν

353 1884 567 1940 ἀναρχίαν
597 1883 856 1939 Ἀθηναίων.

140 1972 184 2010 et
215 1983 265 2010 ex
299 1969 359 2010 eis
393 1982 501 2022 quos
535 1982 665 2021 supra
696 1967 860 2008 contuli
891 1967 974 2008 loci
1008 1968 1057 2008 de
1090 1966 1283 2008 Homero
1317 1965 1375 2020 (4,
1406 1967 1444 2021 5,
1475 1966 1540 2022 6),
1573 1964 1707 2007 Choe-

139 2038 220 2081 rilo
254 2038 361 2095 (22),
396 2038 616 2080 Nicandro
649 2036 758 2094 (27),
789 2037 926 2079 Arato
961 2036 1070 2094 (28).

257 2120 398 2170 Quid?
450 2119 655 2162 Vitamne
690 2121 895 2162 Alcmaeo
930 2120 1182 2176 Pythagora
1218 2135 1318 2163 sene
1352 2121 1500 2176 degit?
1552 2119 1706 2161 Nonne

139 2192 374 2234 artioribus
419 2192 578 2233 finibus
628 2191 956 2246 circumscripta
1000 2206 1091 2233 esse
1136 2192 1336 2233 videtur?
1400 2191 1562 2232 Tamen
1607 2206 1706 2232 cave

141 2267 283 2305 vertas
315 2263 520 2304 ‘floruit’.
583 2262 698 2304 Nam
731 2263 848 2304 vocis
882 2261 1054 2316 ἐγένετο
1086 2263 1208 2304 notio
1250 2263 1387 2304 multo
1424 2263 1555 2303 latius
1589 2265 1710 2316 patet

142 2349 269 2389 quam
296 2335 463 2388 ἤκμασε
495 2348 633 2388 neque
659 2348 851 2388 unquam
878 2334 915 2375 si
941 2334 1042 2388 quid
1070 2334 1210 2375 sentio
1237 2334 1378 2388 ipsam
1405 2333 1548 2387 ἀκμὴν
1575 2333 1709 2388 signi-

144 2406 257 2460 ficat,
292 2405 495 2460 quoniam
530 2420 637 2459 quae
671 2405 722 2446 ad
757 2408 1002 2460 temporum
1036 2405 1250 2447 rationem
1284 2404 1608 2446 describendam
1643 2403 1710 2444 ad-

143 2476 304 2517 duntur
337 2490 461 2517 voces
495 2491 662 2530 semper
689 2476 895 2517 maiorem
925 2490 1135 2517 annorum
1164 2476 1318 2517 seriem
1352 2475 1710 2529 complectuntur,

144 2561 273 2601 quam
312 2549 361 2587 ut
398 2546 448 2587 de
487 2561 572 2588 uno
605 2547 680 2587 illo
715 2546 869 2588 aetatis
903 2547 1040 2602 gradu
1078 2548 1215 2588 dictas
1253 2562 1323 2589 eas
1368 2561 1458 2587 esse
1498 2549 1709 2600 putemus.

144 2618 283 2659 Immo
323 2616 532 2671 γενέσθαι
571 2617 677 2658 κατά
718 2633 816 2658 τινα
855 2620 920 2659 est
953 2617 1199 2672 ‘aequalem
1231 2617 1345 2659 esse’
1381 2617 1468 2658 sive
1503 2617 1710 2658 maiorem

144 2689 234 2730 sive
261 2688 484 2741 minorem,
518 2688 579 2730 ita
605 2691 654 2729 ut
680 2688 748 2729 his
775 2687 917 2729 verbis
951 2688 1081 2730 etiam
1107 2689 1305 2730 iuvenem
1340 2703 1435 2729 cum
1464 2702 1562 2729 sene
1594 2702 1708 2729 com-

144 2774 302 2815 ponere
347 2760 476 2802 liceat
519 2758 590 2815 (cf.
629 2759 748 2801 locos
788 2760 837 2801 de
877 2759 1124 2814 Thucydide
1163 2759 1258 2814 [13]
1299 2763 1342 2800 et
1380 2758 1543 2800 Beroso
1583 2757 1713 2814 [20])

144 2831 294 2886 Neque
340 2833 485 2872 tamen
531 2831 620 2872 scio
666 2845 719 2871 an
765 2833 878 2872 recte
919 2829 1134 2872 Dielesius
1181 2830 1362 2872 senserit
1408 2830 1479 2885 qui
1525 2830 1710 2871 fortasse

268 2986 301 3028 l)
330 2983 391 3018 Ex.
413 2995 466 3028 gr.
490 2983 596 3017 Paus.
618 2987 650 3026 5,
675 2986 727 3025 10,
750 2987 787 3017 3:
814 2982 963 3027 ἡλικίαν
990 2981 1030 3018 δὲ
1058 2982 1077 3018 ὁ
1105 2983 1221 3028 Βύζης
1247 2982 1330 3017 κατ’
1351 2981 1555 3027 Ἀλυάττην.
