2125 3439
1028 214 1319 257 -53—

576 329 622 367 τὸ
655 326 902 378 ἀεικίνητον
976 342 1027 355 Ξ
1062 320 1289 362 ἀθάνατον

575 398 623 438 τὸ
655 395 941 447 αὐτοκίνητον
975 412 1028 425 Ξ
1062 391 1310 445 ἀεικίνητον

574 457 941 518 ᾆὸῖάύὲοκίνητον
975 483 1027 496 Ξ
1061 462 1289 504 ἀθάνατον

401 541 484 580 iam
575 536 600 588 ἡ
633 535 748 589 ψυχή
974 552 1029 566 Ξ
1061 533 1110 574 τὸ
1143 532 1431 586 αὐτοκίνητον

399 623 500 663 ergo
574 596 754 660 {JJWW
1058 602 1291 652 ἀθάνατος.

513 678 604 718 Iam
643 676 776 717 miror
819 674 932 716 haud
976 688 1136 728 paucos
1181 673 1365 716 inveniri
1413 675 1486 730 qui
1527 690 1549 716 e
1588 676 1710 716 motu
1748 678 1957 730 perpetuo

398 751 701 792 Alcmaeonem
746 744 1066 787 stellarum
1111 743 1383 786 divinitatem
1429 745 1618 787 effecisse
1659 748 1822 801 putent.
1887 744 1958 788 Sic

396 822 433 862 Κ
442 820 629 861 rischeus
656 816 700 874 (l.
719 815 764 873 1.)
776 815 821 872 1),
840 815 1169 857 Tennemannus
1179 813 1226 871 ²),
1247 813 1513 872 Chaignetus
1524 814 1572 872 3),
1591 815 1900 871 Philippsonus
1909 815 1959 872 4),

397 892 479 933 alii.
544 889 625 931 Sed
658 889 694 930 si
727 887 986 929 Krischeum
1025 887 1161 928 secuti
1201 889 1369 928 motum
1406 890 1664 942 perpetuum
1703 887 1957 929 immortali-

396 962 498 1003 tatis
532 960 703 1015 signum
732 958 1037 1000 Alcmaeonem
1069 960 1246 1012 putasse
1277 957 1503 1012 credimus,
1534 957 1649 999 haud
1676 957 1764 999 scio
1798 971 1872 999 cur
1903 957 1957 999 ad

397 1033 562 1073 animae
601 1030 976 1072 immortalitatem
1015 1029 1324 1070 ostendendam
1369 1029 1592 1070 stellarum
1631 1027 1956 1071 similitudinem

398 1102 726 1157 comparaverit,
775 1116 870 1143 cum
917 1101 1054 1142 dicere
1101 1099 1139 1142 ei
1183 1099 1355 1142 licuerit
1406 1099 1742 1156 simplicissime:
1793 1098 1958 1141 ‘anima

395 1177 601 1228 perpetuo
648 1175 768 1214 motu
813 1174 1030 1226 movetur,
1073 1185 1176 1227 ergo
1219 1171 1480 1213 immortalis
1523 1171 1622 1213 est'.
1684 1170 1823 1212 Immo
1862 1183 1958 1212 con-

396 1243 527 1286 traria
558 1243 627 1284 via
659 1243 914 1298 ingressum,
947 1256 1044 1284 cum
1077 1242 1239 1298 stellas,
1271 1256 1377 1297 quas
1404 1241 1570 1284 divinas
1603 1242 1805 1285 credebat
1836 1240 1957 1297 vulgi

396 1315 640 1369 opinionem
677 1314 978 1369 perantiquam
1019 1316 1209 1368 secutus,
1255 1328 1423 1369 semper
1463 1313 1729 1356 circumferri
1766 1311 1958 1358 vidisset,

395 1389 559 1428 motum
592 1388 848 1440 perpetuum
880 1384 1226 1427 immortalitatis
1267 1384 1439 1441 signum
1472 1399 1565 1427 esse
1597 1400 1695 1427 eum
1727 1383 1954 1440 collegisse

395 1458 617 1500 contendo.

510 1528 684 1579 Restat,
722 1531 770 1569 ut
801 1542 1057 1583 quaeramus
1090 1527 1262 1583 qualem
1296 1527 1463 1569 animae
1500 1530 1701 1570 naturam
1733 1541 1826 1569 esse
1858 1526 1956 1578 Ale7

395 1615 514 1641 maeo
547 1599 729 1640 finxerit.
794 1599 853 1640 Et
886 1599 1176 1653 Philoponum
1215 1599 1408 1654 quidem,
1448 1599 1521 1653 qui
1553 1598 1601 1640 ἐκ
1631 1605 1710 1642 τοῦ
1742 1599 1955 1653 οὐρανίου

395 1673 590 1725 σώματος
622 1685 716 1712 eam
748 1673 889 1712 ortam
922 1685 1014 1712 esse
1047 1671 1159 1725 vult,
1192 1673 1354 1712 temere
1385 1670 1541 1726 nugari
1575 1670 1826 1712 Aristotelis
1861 1684 1956 1712 auc-

394 1742 500 1783 toris
533 1742 662 1783 verba
694 1741 859 1783 docent.
921 1740 1056 1784 Porro
1089 1756 1110 1783 e
1145 1744 1350 1783 contextu
1381 1740 1576 1784 locorum
1609 1744 1651 1783 et
1682 1739 1955 1782 Aristotelici

395 1812 463 1868 (de
496 1828 560 1854 an.
593 1812 678 1854 405
717 1827 742 1854 a
780 1811 855 1869 29)
890 1815 932 1854 et
965 1811 1180 1854 Platonici
1214 1811 1405 1867 (Phaedo
1439 1813 1496 1855 96
1515 1810 1572 1869 Β)
1605 1814 1784 1868 apparet
1815 1825 1953 1866 neque

396 1900 416 1925 e
450 1884 656 1939 sanguine
688 1898 825 1939 neque
858 1898 909 1925 ex
940 1883 1031 1939 igni
1069 1898 1204 1938 neque
1239 1899 1290 1925 ex
1322 1899 1418 1926 aere
1454 1898 1593 1939 neque
1627 1899 1648 1925 e
1682 1883 1839 1938 spiritu
1869 1882 1953 1924 fer-

396 1956 491 1996 vido
526 1970 618 1996 eam
650 1957 860 2009 constare,
893 1969 1001 2009 quae
1035 1955 1108 2009 qui
1141 1958 1378 2009 posuerunt
1403 1954 1570 1996 animae
1607 1954 1833 2001 materiam
1860 1968 1953 1996 esse

396 2027 539 2080 paullo
588 2029 684 2067 ante
729 2029 911 2080 utroque
956 2027 1051 2068 loco
1096 2026 1334 2068 enumerati
1373 2029 1484 2068 sunt.
1547 2025 1686 2068 Immo
1725 2025 1952 2067 Rhodeum

397 2097 577 2152 (Psyche
616 2111 712 2152 pag.
744 2097 848 2150 464,
885 2096 927 2154 1)
967 2098 1004 2139 si
1042 2097 1278 2153 sequimur,
1323 2097 1504 2139 materia
1548 2097 1735 2139 animam
1774 2110 1952 2151 prorsus

396 2182 537 2208 carere
561 2167 762 2209 Alcmaeo
790 2168 980 2209 credidit.
1025 2167 1139 2210 Nam
1167 2183 1263 2210 cum
1283 2167 1502 2222 Alcmaeo,
1528 2170 1679 2223 utpote
1706 2167 1779 2222 qui
1801 2180 1952 2208 sensus

396 2253 419 2278 a
458 2237 622 2279 ratione
661 2238 918 2293 distinguat,
955 2239 1210 2294 Empedocli
1251 2254 1275 2280 a
1312 2238 1612 2293 Theophrasto
1652 2235 1953 2293 opponaturf‘),

396 2308 695 2363 Empedocles,
733 2324 992 2364 quamquam
1031 2313 1075 2351 et
1107 2310 1249 2365 ipsum
1289 2324 1438 2352 sensus
1471 2313 1514 2352 et
1548 2310 1759 2352 rationem
1798 2309 1952 2351 discre-

397 2379 505 2420 visse
545 2383 714 2421 constat
754 2379 922 2436 (Rohde
962 2381 986 2422 l.
1020 2381 1044 2423 l.
1081 2379 1199 2437 469),
1243 2384 1385 2423 tamen
1426 2396 1475 2423 ea
1513 2396 1557 2423 re
1597 2381 1650 2422 ab
1691 2380 1951 2422 Alcmaeone

395 2450 620 2490 dissentire
654 2452 866 2505 putandus
894 2455 971 2508 est,
1004 2453 1118 2507 quod
1151 2453 1354 2508 quopiam
1385 2452 1512 2494 modo
1545 2467 1695 2494 sensus
1722 2451 1951 2494 rationem-

517 2603 547 2645 1)
577 2603 654 2637 Dcn
683 2604 815 2638 Grund
838 2605 902 2647 sz'ir
928 2605 985 2639 die
1011 2604 1240 2641 Go'ttliehkeit
1265 2606 1328 2640 der
1351 2605 1518 2641 Gestirne
1542 2605 1582 2640 in
1607 2605 1704 2640 ihrer
1729 2604 1862 2649 ewiyen
1880 2603 1949 2638 Be-

398 2672 544 2705 argum]
571 2673 614 2695 :a
639 2663 723 2697 sehn
749 2663 818 2698 etc.
845 2665 943 2707 (pag.
968 2665 1035 2707 76).

513 2723 547 2757 tl)
579 2720 697 2756 Ges-ch.
721 2722 754 2755 d.
776 2721 908 2757 Philas.
930 2721 945 2755 Ι
968 2726 1043 2757 144.

515 2782 549 2821 53)
578 2780 780 2824 Pythagsore
806 2781 942 2823 1121&
971 2781 1067 2817 Hist.
1095 2783 1127 2817 d.
1157 2783 1192 2817 la
1213 2783 1372 2829 psychol.
1400 2783 1461 2818 des
1489 2782 1599 2818 Grecs
1625 2782 1638 2816 1
1662 2785 1716 2817 59.

514 2840 546 2871 4)
574 2836 593 2870 l.
616 2838 636 2871 l.
663 2850 745 2880 pag.
769 2843 822 2873 72.

517 2898 551 2937 ὃ)
578 2896 644 2938 l'rg.
670 2897 696 2929 11
726 2897 771 2936 ὡς
799 2897 922 2942 ἕτερον
950 2897 991 2933 δι·
1012 2900 1051 2934 τὸ
1072 2905 1227 2944 φρονεῖν
1248 2900 1309 2935 καὶ.
1331 2900 1589 2936 αἰσθάνεσθαι
1608 2899 1672 2935 καὶ
1693 2899 1748 2943 οὔ,
1774 2898 1949 2943 καθάπερ

394 2951 652 2998 Ἐμπεδοκλῆς,
678 2954 821 2991 ταύτόν.
