2125 3439
781 235 953 276 -29
1019 259 1068 264 -.

203 341 448 395 θούρ<ης>ε
573 341 598 382 i.
626 355 664 394 q.
697 340 839 394 βάτης.

202 411 528 465 θουρηταῖςΓέῂ
571 411 619 451 αἱ
647 418 734 451 τῶν
768 409 889 465 ζῴων
921 410 1067 464 μίξεις.

204 486 418 535 θουραῖος
1201 487 1442 541 Hesychius
1477 502 1507 528 s,
1536 503 1597 528 vv.

202 554 414 605 θουραιήε
568 549 593 591 i.
621 566 656 604 q.
691 549 923 602 ὀρεκτικῶς
955 553 1124 605 ἔχουσα.

202 622 446 675 θούρητραε
568 621 593 661 i.
622 635 660 674 q.
694 621 825 675 ὀχεία.

142 702 234 744 Iam
261 718 357 746 cum
385 718 531 745 omnes
558 702 635 744 has
663 717 787 745 voces
815 704 977 745 ionicas
998 718 1090 745 esse
1120 704 1394 745 manifestum
1417 705 1529 760 sit1),
1558 706 1700 746 nescio

144 787 198 814 an
224 773 320 828 quis
347 774 436 814 veri
463 774 592 815 ducat
618 772 771 827 simile,
797 788 883 815 non
909 773 1003 828 ipso
1025 774 1235 815 vocabulo
1263 774 1496 828 primitivo,
1523 776 1595 816 sed
1617 790 1704 816 ver-

141 844 295 885 borum
323 844 438 886 exitu
466 844 672 886 dialectos
700 844 880 899 distare3
914 859 1013 886 nam
1047 859 1152 899 quas
1180 845 1380 900 vulgares
1407 845 1592 886 diximus
1621 848 1703 886 for-

145 929 236 956 mas
257 930 405 957 omnes
427 930 452 956 a
470 917 607 969 θορός
626 915 842 956 derivatae
864 918 974 969 suut7
1002 918 1153 957 contra
1172 915 1336 957 ionicae
1362 930 1385 956 a
1404 917 1536 970 θορήε
1566 930 1704 957 nonne

143 985 279 1041 igitur
304 986 456 1028 lonum
484 985 666 1028 dialecto
700 1001 825 1027 usum
859 1000 951 1027 esse
978 987 1285 1028 Alcmaeonem
1319 986 1704 1040 deprehendimus?

263 1068 509 1111 Cavendum
537 1072 682 1110 tamen
710 1083 802 1110 esse
828 1084 879 1110 ne
907 1084 1016 1110 vano
1042 1070 1198 1124 gaudio
1227 1069 1490 1110 exsultemus
1519 1070 1708 1110 ostendit

142 1139 350 1194 Hesychii
384 1140 488 1181 illud
524 1139 739 1193 Θοράτας·
768 1138 994 1181 Ἀπόλλων
1033 1141 1149 1193 παρὰ
1184 1138 1427 1195 Acina-06⁶2),
1467 1140 1577 1181 unde
1617 1155 1706 1195 per-

72 1219 74 1221 '
142 1211 337 1265 spicuum
370 1214 436 1252 est
475 1213 523 1250 ut
555 1209 680 1251 Iones
720 1225 822 1252 voce
862 1213 999 1265 θορή,
1039 1211 1100 1252 ita
1135 1212 1271 1252 Dores
1310 1225 1413 1253 voce
1451 1212 1568 1264 θοροὲ
1606 1226 1706 1253 usos

142 1295 233 1323 esse
261 1284 304 1323 et
329 1281 457 1323 huius
485 1281 634 1335 stirpis
658 1280 820 1322 formas
844 1281 1073 1323 femininas
1095 1297 1186 1323 esse
1212 1282 1518 1337 antiquiorum,
1546 1297 1706 1324 mascu-

141 1351 251 1394 linas
283 1353 573 1408 posteriorum
602 1350 864 1393 Graecorum
892 1353 1095 1406 omnium,
1129 1353 1192 1394 ita
1225 1356 1273 1393 ut
1305 1356 1348 1394 et
1375 1352 1636 1408 ἀναχάσκειν
1664 1356 1706 1394 et

141 1424 257 1479 θορή
285 1426 435 1465 contra
457 1421 618 1464 Sittelii
640 1420 756 1478 (pag.
773 1424 829 1464 ‘20
840 1423 922 1479 sq.)
951 1426 1065 1465 certe
1087 1423 1248 1465 faciant
1270 1424 1528 1478 opinionem.
1574 1424 1707 1473 Quae-

143 1494 253 1536 ritur
285 1494 420 1550 igitur
453 1496 598 1534 utrum
625 1492 952 1548 Theophrastus
985 1494 1029 1534 in
1055 1493 1332 1535 Alcmaeonis
1360 1494 1506 1536 libello
1533 1495 1706 1550 legerit:

139 1570 280 1620 θορῆς
306 1581 359 1606 an
385 1564 553 1618 θορᾶςῖ)
605 1564 763 1605 Exstat
795 1565 839 1605 in
865 1565 1158 1620 doxographis
1185 1569 1337 1619 θορῆς.
1389 1565 1449 1607 At
1476 1566 1620 1607 nescio
1652 1581 1705 1607 an

141 1637 237 1691 quis
258 1636 374 1678 dicat
395 1635 576 1691 genitivi
598 1635 761 1676 exitum
782 1635 906 1676 illum
929 1652 999 1690 -ης
1017 1651 1104 1677 non
1125 1636 1263 1677 solum
1285 1636 1452 1691 Ionum,
1479 1637 1553 1678 sed
1575 1638 1705 1678 etiam

143 1708 389 1750 Atticorum
427 1707 578 1761 fuisse,
618 1721 743 1762 quem
784 1722 880 1748 cum
919 1722 996 1749 suo
1031 1708 1218 1749 sermoni
1258 1707 1399 1750 ionica
1431 1708 1705 1749 Alcmaeonis

141 1779 272 1821 verba
292 1781 473 1834 aptaret,
498 1779 549 1820 ad
571 1778 898 1820 similitudinem
921 1793 1073 1820 vocum
1095 1780 1231 1833 κούρη
1252 1781 1359 1833 κόρη
1381 1779 1705 1834 Theophrastus

143 1850 350 1891 finxisset.
402 1849 463 1891 At
494 1864 570 1904 per
602 1850 812 1903 θουρήεις
843 1853 1059 1903 θουραῐος
1093 1850 1187 1891 sim.
1220 1865 1322 1891 num
1355 1850 1483 1892 liceat
1516 1850 1707 1892 divinare

143 1921 275 1962 fuisse
303 1935 489 1976 unquam
512 1921 697 1961 radicem
720 1921 932 1975 quandam
952 1925 1071 1975 &cof
1091 1920 1158 1976 (ut
1177 1922 1304 1976 uopf)
1327 1921 1522 1975 equidem
1545 1922 1707 1963 dubito.

140 1991 202 2034 Ut
229 1991 342 2033 enim
374 1991 720 2046 praetermittam
753 2006 922 2046 semper
955 1995 997 2033 et
1024 1991 1294 2033 Herodotum
1327 1995 1369 2033 et
1398 1992 1705 2046 Hippocratem

140 2066 183 2104 et
207 2062 441 2104 Aretaeum
472 2063 677 2118 praebere
706 2063 823 2117 θορή
851 2060 1041 2118 (θορός),
1073 2078 1285 2118 nusquam
1311 2065 1456 2117 θουρή
1484 2062 1705 2119 (θουρόςμ),

140 2149 192 2175 en
219 2133 312 2175 vide
341 2133 700 2189 quemadmodum
729 2134 840 2188 apud
867 2137 1018 2188 poetas
1052 2149 1221 2189 quoque
1252 2135 1357 2176 haec
1384 2135 1706 2176 fluctuaverint:

141 2204 368 2260 Lycophro
396 2206 482 2246 352
507 2209 693 2259 θοραϊος
721 2206 805 2246 598
832 2206 983 2259 θορός,
1016 2205 1127 2246 idem
1157 2206 1241 2246 (312
1268 2205 1457 2258 θουράςς
1491 2205 1708 2247 Nicander

141 2276 226 2318 586
252 2280 451 2331 θυραῖος,
478 2275 591 2316 idem
615 2274 698 2317 130
724 2276 907 2328 θουράς.
952 2276 1098 2316 Etiam
1128 2275 1391 2331 [Oppianus]
1421 2277 1445 2316 l.
1466 2277 1489 2316 l.
1516 2266 1703 2330 3096&ss

142 2346 355 2388 Videntur
381 2347 517 2402 igitur
543 2346 831 2401 posteriorum
860 2350 1052 2388 aetatum
1081 2345 1276 2402 poetae-²)
1303 2346 1542 2388 Homerum
1569 2347 1703 2388 secuti

141 2417 192 2458 ad
226 2417 353 2458 metri
391 2432 478 2458 non
515 2417 610 2459 dico
650 2417 953 2460 necessitatem
993 2418 1063 2459 sed
1105 2418 1478 2472 opportunitatem
1517 2418 1704 2471 priorem

262 2559 294 2600 1)
330 2555 427 2590 Nam
460 2555 636 2600 Hesychii
674 2557 818 2601 glossas
857 2556 989 2591 ionicis
1028 2568 1047 2591 e
1081 2557 1320 2602 scriptoribus
1355 2567 1432 2591 esse
1465 2558 1705 2603 depromptas

142 2615 323 2661 patefacit
349 2614 559 2660 epenthesis
586 2627 619 2659 q.
652 2627 685 2650 V.
712 2615 851 2658 ionica,
879 2618 916 2650 et
941 2615 978 2650 in
1004 2616 1257 2661 Lycophronis
1283 2619 1442 2660 θυραῖος
1467 2628 1512 2651 ne
1539 2617 1704 2652 offendas

141 2673 353 2710 memineris
379 2676 537 2718 quantus
564 2673 628 2709 ille
656 2673 704 2708 sit
731 2678 954 2710 remotarum
982 2675 1190 2720 glossarum
1218 2675 1472 2721 investigator.

260 2735 295 2778 2)
328 2733 506 2768 Similiter
539 2733 731 2778 Lycophro
766 2738 833 2767 352
867 2733 1078 2778 Apollinem
1112 2734 1279 2779 appellat
1311 2734 1374 2768 τὸν
1407 2737 1567 2778 θυραῖον
1593 2735 1702 2776 &edm

141 2794 204 2828 ubi
231 2793 389 2828 annotat
414 2791 616 2827 scholiasta
643 2791 896 2837 σπερμογόνον
922 2792 986 2827 καὶ
1011 2792 1240 2837 γεννητικόν.
1293 2793 1345 2828 Cf.
1368 2794 1533 2829 Gerhard
1560 2795 1703 2840 Mycho-

140 2854 231 2897 onie
255 2855 275 2893 ξ
296 2856 376 2894 307,
397 2855 429 2894 3,
451 2852 490 2893 d;
517 2851 826 2887 Preller-Robert
853 2853 993 2887 Gre'ech.
1016 2852 1132 2897 Myeh.
1162 2863 1244 2897 pag.
1272 2856 1351 2897 ⁶269,
1380 2856 1417 2895 43
1446 2856 1524 2896 730,
1551 2858 1589 2896 23
1618 2854 1701 2888 Sam

141 2911 250 2946 Wide
276 2911 415 2946 Lakon.
438 2910 548 2945 Kulte
575 2921 660 2956 pag.
683 2914 737 2945 90.

259 2972 294 3014 3)
313 2969 484 3014 Hesychii
499 2969 643 3015 glossas
661 2981 679 3005 e
702 2969 822 3015 poetis
843 2972 1009 3015 sumptas
1025 2981 1104 3005 esse
1126 2970 1177 3005 nil
1193 2972 1251 3005 est
1270 2983 1333 3005 cur
1354 2970 1475 3005 dicere
1499 2982 1701 3007 vereamur.
