2125 3439
1074 217 1367 260 -80-„

443 329 490 367 ut
516 325 660 379 priora
694 325 755 365 ita
781 325 911 365 etiam
938 323 1179 377 posteriora
1206 325 1334 377 atque
1362 325 1555 364 extrema
1580 321 1670 377 (δεῖ
1692 324 1774 378 γὰρ
1802 325 1856 378 δὴ
1875 359 1882 366 .
1904 358 1912 366 .
1934 358 1942 366 .
1964 323 2002 381 .)

442 411 491 436 ex
518 394 782 448 Hippocrate
810 395 983 435 fluxisse
1011 392 1093 434 sibi
1121 396 1439 447 persuaserunt.
1490 392 1613 441 Quod
1644 393 1821 436 minime
1853 409 2003 436 verum

442 480 532 506 esse
575 466 639 506 vel
680 466 777 506 inde
815 468 955 519 patet,
999 464 1113 518 quod
1151 478 1239 505 non
1277 465 1417 506 solum
1458 478 1659 505 sucorum
1699 464 2002 520 principalium

440 536 558 576 nulla
595 536 646 576 fit
685 550 793 589 quae
831 535 1016 576 debebat
1048 535 1229 589 mentio,
1268 535 1342 576 sed
1381 534 1512 576 etiam
1549 535 1633 576 nisi
1673 535 1821 577 eiectis
1861 537 2003 578 verbis

440 608 578 660 γλυκὺ
611 607 769 660 πικρὸν
808 606 1055 660 opinionem
1088 620 1210 647 suam
1244 606 1437 647 evincere
1476 606 1541 646 illi
1573 609 1803 660 nequeunt.
1866 606 1928 648 At
1959 606 2006 649 in

440 692 488 719 eo
521 678 720 718 nituntur
753 678 866 732 quod
898 678 1044 732 paullo
1078 681 1179 732 post
1211 678 1360 720 eadem
1391 678 1437 718 in
1470 678 1666 719 oratione
1700 676 1816 734 (pag.
1847 678 1929 720 188
1944 676 2004 734 A)

440 749 650 804 neglectis
683 749 862 790 vocibus
895 751 1034 802 γλυκὺ
1066 742 1224 802 πικρὸν
1256 749 1418 804 legitur
1456 747 1547 790 ἐπεὶ
1585 747 1658 791 καὶ
1694 749 1720 802 ἡ
1754 757 1841 791 τῶν
1877 749 2005 804 ὡρῶν

440 826 519 861 τοῦ
558 819 763 862 ἐνιαυτοῦ
803 821 1011 869 σύστασις
1050 820 1183 873 μεστή
1222 818 1341 861 ἐστιν
1386 819 1647 874 ἀμφοτέρων
1680 821 1852 861 τούτων
1894 818 2005 875 (scil.

441 889 651 945 ἐρώτων),
677 889 747 932 καὶ
775 890 953 932 ἐπειδὰν
979 888 1060 943 μὲν
1080 890 1188 942 πρὸς
1209 890 1375 943 ἄλληλα
1400 896 1480 931 τοῦ
1499 892 1685 944 κοσμίου
1710 891 1819 946 τύχῃ
1846 892 2008 945 ἔρωτος

440 962 465 1002 ἃ
498 968 582 1002 νῦν
616 962 668 1015 δὴ
703 960 786 1014 ἐγὼ
820 963 972 1014 ε”λεγον
1006 959 1114 1016 (scil.
1148 974 1246 1015 pag.
1276 961 1358 1002 186
1379 959 1456 1015 D),
1494 960 1547 1001 τά
1579 976 1623 1002 τε
1661 962 1806 1015 θερμὰ
1844 960 1916 1002 καὶ
1954 962 2006 1003 τὰ

439 1033 585 1087 ψυχρὰ
630 1030 700 1073 καὶ
745 1032 853 1085 ξηρὰ
898 1030 969 1072 καὶ
1007 1031 1142 1085 ὑγρά,
1185 1029 1258 1072 καὶ
1302 1030 1520 1085 ἁρμονίαν
1563 1030 1635 1073 καὶ
1678 1038 1837 1087 κρᾶσιν
1882 1032 2006 1088 λάβῃ.

442 1102 524 1144 Sed
575 1107 690 1144 reete
731 1102 952 1157 Rettigius
998 1100 1166 1157 (Platos
1203 1102 1448 1155 Symposion
1491 1102 1662 1156 erman-t,
1706 1103 1834 1145 Halle
1873 1101 2007 1160 1876)

439 1174 612 1215 nonnisi
639 1173 688 1214 de
716 1173 817 1214 anni
837 1173 1106 1227 temporibus
1133 1172 1460 1227 quadripertitis
1481 1174 1612 1215 verba
1637 1174 1707 1215 hic
1733 1174 1828 1215 fieri
1847 1176 2008 1215 monet.

438 1244 666 1286 Praeterea
705 1259 813 1298 quae
852 1244 897 1285 in
929 1244 1024 1298 ipsa
1055 1258 1152 1299 pag.
1189 1243 1326 1285 186D
1366 1244 1581 1285 adduntur
1613 1245 1744 1286 verba
1781 1245 1924 1287 πάντα
1954 1246 2006 1287 τὰ

439 1322 620 1358 τοιαῦτα
647 1330 817 1356 omnem
843 1315 1193 1369 interpolationis
1225 1315 1515 1369 suspicionem
1543 1315 1814 1371 submovent,
1847 1316 2007 1371 quippe

441 1402 548 1441 quae
587 1387 944 1442 Hippocraticam
986 1386 1227 1428 doctrinam
1269 1385 1340 1427 hic
1384 1401 1470 1427 non
1515 1386 1722 1428 delineari
1768 1387 2006 1429 clarissime

442 1459 682 1500 ostendant.

558 1530 676 1571 Haec
710 1529 846 1584 igitur
880 1529 1010 1571 verba
1041 1530 1112 1570 δεῖ
1140 1530 1222 1582 γὰρ
1257 1529 1310 1582 δὴ
1345 1543 1436 1583 sqq.
1470 1528 1667 1584 Rettigio
1706 1530 1919 1584 probante
1952 1530 2005 1571 ab

438 1601 700 1642 Alcmaeone
735 1601 944 1655 originem
981 1600 1153 1641 duxisse
1181 1599 1371 1641 Zellerus
1399 1599 1570 1642 conicit.
1626 1599 1771 1654 Atque
1798 1599 2007 1656 antiquis-

440 1672 572 1713 simae
606 1675 720 1714 certe
754 1672 993 1726 sapientiae
1031 1671 1103 1712 hic
1135 1671 1271 1712 latere
1312 1671 1500 1726 vestigia
1536 1671 1630 1726 ipse
1663 1671 1789 1713 Plato
1823 1672 2007 1714 dilucide

440 1743 670 1796 profitetur
698 1741 833 1784 hisce:
866 1743 1038 1790 τούτοις
1071 1739 1109 1782 δ’
1143 1739 1395 1795 ἐπιστηθεὶς
1428 1743 1567 1797 ἔρωτα
1598 1741 1831 1797 ἐμποιῆσαι
1858 1743 1880 1785 ὁ
1906 1742 2009 1798 ἡμέ-

438 1829 562 1869 τερος
599 1817 819 1869 πρόγονος
851 1812 1111 1866 Ἀσκληπιὸς
1149 1812 1209 1869 (h.
1241 1828 1273 1854 e.
1306 1813 1437 1867 prisci
1470 1811 1645 1869 medici)
1683 1815 1763 1868 τὴν
1794 1813 2009 1870 ἡμετέραν

442 1884 680 1939 συνέστησε
708 1885 876 1940 τέχνην.
924 1884 1007 1926 Sed
1032 1899 1134 1925 num
1164 1884 1255 1938 ipse
1282 1883 1408 1925 Plato
1437 1884 1716 1939 antiquorum
1744 1885 2009 1928 medicorum

438 1956 563 1998 libris
601 1971 704 1998 usus
738 1956 814 2010 sit,
853 1956 979 2009 plane
1019 1955 1199 1996 dubium
1237 1955 1344 1996 mihi
1383 1956 1562 1997 videtur.
1625 1956 1802 1998 Etenim
1835 1960 1901 1998 est
1932 1957 2009 1998 ubi

438 2028 565 2081 plane
593 2027 771 2068 eandem
799 2030 1060 2068 sententiam
1081 2026 1239 2068 referat
1265 2029 1314 2067 ut
1341 2027 1577 2080 aequalis
1605 2027 1827 2070 cuiusdam
1853 2028 2007 2070 medici

440 2098 585 2154 (Lysis
619 2099 703 2140 215
723 2098 800 2153 E):
839 2099 923 2152 ’ἤδη
963 2096 1071 2140 ποτέ
1103 2113 1181 2140 του
1219 2097 1387 2150 ἥκουσα
1425 2097 1630 2151 λέγοντος
1649 2132 1657 2139 .
1680 2132 1687 2139 .
1709 2132 1717 2139 .
1739 2133 1746 2139 .
1771 2097 2007 2153 ἐπιθυμεῖν

439 2176 517 2210 τοῦ
549 2170 753 2211 τοιούτου
786 2167 896 2225 (scil.
923 2176 1002 2210 τοῦ
1029 2166 1252 2224 ἐναντίου)
1280 2168 1478 2221 ἕκαστον,
1511 2167 1605 2210 ἀλλ’
1637 2168 1690 2211 οὐ
1721 2176 1800 2211 τοῦ
1832 2169 2006 2223 ὁμοίου·

438 2242 485 2281 τὸ
519 2238 598 2294 μὲν
630 2241 712 2295 γὰρ
746 2240 880 2294 ξηρὸν
913 2240 1066 2294 ὑγροῦ,
1098 2240 1145 2280 τὸ
1180 2236 1227 2280 δὲ
1259 2240 1431 2294 ψυχρὸν
1463 2244 1649 2293 θερμοῦ,
1683 2242 1732 2282 τὸ
1765 2238 1814 2282 δὲ
1845 2242 2004 2296 πικρὸν

437 2310 641 2365 γλυκέος,
678 2313 726 2353 τὸ
760 2310 807 2352 δὲ
846 2311 923 2361 ὀξὺ
957 2309 1164 2365 ἄμβλεός,
1200 2312 1249 2352 τὸ
1290 2308 1337 2352 δὲ
1375 2311 1506 2352 κενὸν
1543 2312 1808 2366 πληρώσεως
1844 2310 1916 2353 καὶ
1956 2313 2005 2354 τὸ

437 2386 598 2437 πλῆρες
623 2383 848 2431 κενώσεως
873 2381 944 2423 καὶ
970 2378 1105 2423 τᾶλλα
1133 2381 1247 2423 οὕτω
1274 2382 1381 2423 κατὰ
1407 2382 1485 2423 τὸν
1506 2381 1642 2423 αὐτὸν
1664 2384 1809 2436 λόγον.
1820 2381 1854 2437 1)
1893 2381 2006 2431 Quin

440 2454 589 2494 tritam
622 2469 671 2496 ac
703 2454 927 2509 vulgarem
959 2453 1126 2507 priscos
1161 2454 1273 2507 apud
1306 2453 1495 2494 medicos
1527 2453 1638 2495 hanc
1671 2454 1804 2495 fuisse
1837 2457 2005 2496 senten-

439 2525 543 2565 tiam
577 2529 727 2566 auctor
760 2525 810 2567 de
843 2525 987 2579 prisca
1020 2524 1232 2565 medicina
1264 2524 1390 2578 plane
1421 2539 1469 2565 ac
1496 2523 1680 2566 dilucide
1714 2524 1905 2566 ostendit
1936 2525 2004 2566 his

440 2595 588 2650 (Hipp.
625 2595 643 2636 I
676 2598 743 2650 113,
771 2598 796 2637 2
830 2595 1123 2651 Kiihlewein):
1162 2601 1299 2636 ταῦτα
1338 2595 1420 2649 γὰρ
1459 2594 1608 2649 ἑώρων
1647 2594 1720 2637 καὶ
1757 2595 1806 2637 ἐν
1837 2601 1896 2652 τῷ
1929 2595 2004 2637 ἆν-

438 2668 604 2724 θρώπςο
645 2667 823 2709 ἐνεόντα
861 2666 932 2708 καὶ
970 2668 1271 2721 λυμαινόμενα
1308 2666 1386 2707 τὸν
1417 2667 1672 2720 ἄνθρωπον.
1735 2668 1800 2708 ἔνι
1839 2668 1922 2721 γὰρ
1956 2666 2003 2708 ἐν

438 2738 659 2795 ἀνθρώπῳ
705 2737 776 2780 καὶ
821 2738 1018 2793 ἁλμυρὸν
1063 2736 1135 2779 καὶ
1178 2738 1337 2791 πικρὸν
1381 2735 1452 2778 καὶ
1498 2739 1636 2790 γλυκὺ
1686 2736 1758 2778 καὶ
1803 2737 1880 2788 ὀξὺ
1931 2737 2002 2780 καὶ

559 2905 592 2939 1)
623 2903 672 2936 De
694 2914 845 2946 corpore
866 2903 1027 2937 humano
1055 2903 1146 2936 haec
1168 2902 1241 2936 diei
1262 2903 1371 2937 docet
1397 2914 1479 2937 cum
1504 2904 1709 2937 ceterorum
1733 2902 2000 2938 contrariorum

441 2962 605 2996 delectus
633 2963 710 2995 tum
737 2962 918 3006 πλήρωσις
945 2965 981 2997 et
1008 2961 1171 3001 κένωσις.
