2125 3439
243 341 281 381 6.

244 495 278 535 7.

241 648 277 688 8.

817 260 871 264 -
939 237 983 276 11
1054 260 1105 263 --,

327 340 508 382 Ioannes
537 340 718 382 Malalas
747 341 972 395 chronogr.
1000 341 1033 382 Η
1060 341 1128 395 34,
1152 343 1195 383 11
1231 342 1293 383 ed.
1322 342 1476 383 Bonn.:
1505 341 1551 383 ἐν
1580 340 1625 384 ὸὲ
1654 351 1743 392 τοῖς

323 413 500 466 χρόνοις
530 411 701 459 τούτοις
734 410 905 463 ἐγένετο
941 412 1087 452 Φάλεκ
1119 413 1214 461 υίὸς
1233 411 1415 467 ’Έβερῆ

325 493 470 535 Genus
492 492 775 546 Antiphontis
803 492 1058 547 (Biograplii
1087 508 1147 548 gr.
1175 509 1272 549 pag.
1294 496 1391 549 235,
1413 497 1437 536 2
1466 496 1527 536 ed.
1552 496 1735 537 Wester-

327 561 491 618 mann):
524 563 630 604 κατὰ
658 560 705 604 δὲ
734 564 783 604 τὰ
806 565 1010 617 Περσικὰ
1029 566 1264 618 γενόμενος
1291 569 1540 620 συνήκμασε
1568 568 1741 622 Γοργίᾳ.

323 644 580 686 Eustathius
613 660 799 699 prooem.
834 645 972 687 Pind.:
1006 648 1241 700 γενόμενος
1275 648 1383 701 (scil.
1412 648 1638 703 Pindarus)
1673 647 1742 690 ἐπὶ

323 717 534 770 ἄρχοντος
550 714 767 770 Ἀβίωνος.
814 716 878 758 Cf.
895 716 1276 758 westermannum
1299 718 1348 758 ad
1366 717 1511 773 Biogr.
1534 733 1628 773 pag,
1650 720 1741 770 101,

323 788 390 828 54.
424 811 477 815 —

181 871 320 913 Aliter
352 870 401 911 de
435 884 536 911 voce
571 867 743 921 ἐγένετο
776 869 916 911 iudico
952 870 996 910 in
1028 869 1163 911 hisce:

247 956 281 995 1.

243 1110 280 1150 2.

241 1263 278 1304 3.

325 952 534 1007 Iosephus
575 955 723 993 contra
759 952 968 1006 Apionem
1008 952 1025 993 I
1061 954 1114 994 12
1153 952 1211 1007 (p.
1239 955 1276 1004 ¹5,
1304 954 1328 994 3
1363 953 1530 995 Mese-2
1557 953 1745 1008 Ὄμηρος

324 1031 411 1066 τῶν
444 1025 653 1076 Τρωικῶν
679 1023 864 1077 ὕστερον
892 1025 1093 1077 φαίνεται
1120 1024 1410 1079 γενόμενος.’“’)

326 1107 432 1148 Ibid.
454 1106 472 1147 I
498 1106 549 1147 13
571 1104 629 1161 (p.
652 1106 691 1159 5,
712 1106 736 1147 8
758 1104 831 1161 N.)
865 1107 970 1159 μετὰ
995 1111 1154 1148 τοῦτον
1181 1111 1224 1148 εἴ
1244 1122 1359 1156 τινες
1391 1108 1516 1149 ἄλλοι
1544 1107 1744 1162 λε’γονται

323 1175 531 1231 γενέσθαι
565 1175 676 1231 (scil.
709 1190 852 1217 rerum
886 1176 1148 1233 scriptores).

324 1259 511 1302 Galenus
550 1258 654 1299 X1V
682 1260 766 1301 683
794 1259 863 1300 K:
908 1260 1013 1313 μετὰ
1060 1263 1247 1302 Φιλῖνον
1295 1260 1465 1314 ἐγένετο
1511 1264 1744 1317 Σεραπίων

318 1329 636 1385 Ἀλεξανδρεύς.
842 1334 845 1337 ’

322 1413 459 1456 Procl.
487 1429 521 1456 v.
551 1413 676 1455 Hom.
711 1412 874 1469 (Biogr.
902 1429 940 1468 p.
969 1414 1037 1465 26,
1065 1413 1157 1467 53):
1197 1421 1288 1463 τοῖς
1321 1411 1369 1455 δὲ
1401 1417 1578 1469 χρόνοις
1609 1415 1744 1457 αὐτὸν

323 1485 369 1527 οἱ
409 1482 489 1538 μὲν
532 1483 630 1538 περὶ
671 1482 953 1539 Ἀρίσταρχόν
991 1495 1099 1538 φασι
1144 1483 1351 1537 γενέσθαι
1397 1487 1503 1527 κατὰ
1548 1487 1626 1540 τὴν
1672 1494 1746 1541 τῆς

318 1554 484 1605 Ἰωνίας
510 1555 738 1597 ἀποικίαν.
762 1589 768 1596 .
791 1589 798 1596 .
821 1589 828 1595 .
847 1556 893 1597 οἱ
916 1552 964 1596 δὲ
990 1554 1088 1609 περὶ
1110 1556 1315 1610 Κράτητα
1341 1555 1584 1610 ἀνάγουσιν
1611 1558 1745 1600 αὐτὸν

323 1629 384 1677 εἰς
416 1629 518 1677 τοὺς
555 1628 778 1682 Τρωικοὺς
809 1629 1008 1682 χρόνους.

328 1710 436 1752 Plut.
465 1725 502 1765 q.
524 1726 560 1751 v.
588 1711 663 1752 vit.
690 1710 816 1752 Hom.
845 1711 871 1751 ἴ)
898 1710 1063 1766 (Biogr.
1087 1711 1154 1765 24,
1177 1710 1271 1767 90):
1306 1710 1513 1764 γενέσθαι
1540 1711 1581 1753 δ’
1611 1713 1746 1754 αὐτόν

323 1793 430 1837 φασι
462 1789 554 1831 τοῖς
579 1783 755 1837 χρόνοις
787 1781 833 1823 οἶ
861 1778 941 1835 μὲν
974 1782 1080 1822 κατὰ
1112 1783 1189 1823 τὸν
1222 1783 1420 1836 Τρωικὸν
1453 1785 1661 1837 πόλεμον,
1693 1781 1746 1825 οὗ

323 1851 394 1894 καὶ
427 1853 648 1907 αὐτόπτην
681 1852 889 1906 γενέσθαι
921 1856 1010 1894 κτλ.

325 1936 579 1990 Anonymus
612 1951 649 1976 v.
677 1934 804 1977 Hom.
837 1934 1004 1990 (Biogr.
1033 1936 1100 1989 29,
1129 1934 1192 1991 8):
1226 1943 1317 1985 τοῖς
1352 1934 1399 1978 δὲ
1433 1939 1608 1990 χρόνοις
1640 1938 1746 1978 κατὰ

323 2006 404 2061 μέν
441 2023 562 2056 τινας
600 2007 684 2060 πρὸ
722 2013 797 2060 τῆς
834 2013 922 2048 τῶν
949 2004 1251 2060 ἼΙρακλειδῶν
1290 2006 1461 2061 ἐγένετο
1495 2008 1745 2064 καθόδου.2)

324 2089 617 2132 Philostrabus
651 2089 725 2131 vit.
753 2090 934 2144 sophisb.
968 2104 1065 2145 pag.
1092 2091 1178 2133 488
1213 2089 1333 2146 (205,
1354 2092 1409 2131 25
1443 2091 1645 2145 Kayser):
1678 2107 1746 2145 γε-

324 2163 509 2216 νόμενος
542 2158 589 2202 δὲ
623 2159 734 2217 (scil.
768 2160 851 2202 Dio
886 2160 1244 2217 Chrysostomus)
1284 2163 1392 2203 κατὰ
1427 2164 1528 2212 τοὺς
1559 2164 1748 2217 χρόνους

304 2325 337 2370 1)
363 2325 414 2360 Cf.
446 2329 474 2358 1.
498 2325 587 2360 Mos.
611 2328 665 2368 10,
688 2327 751 2367 253
776 2330 828 2369 11,
854 2330 893 2361 16
912 2337 963 2370 sq.
1005 2326 1236 2370 Quamquam
1259 2325 1417 2361 Malalas
1444 2325 1582 2361 talibus
1608 2327 1645 2360 in
1667 2338 1744 2360 sen-

182 2385 309 2420 tentiis
336 2395 480 2429 semper
514 2385 611 2428 quod
647 2385 762 2419 sciam
788 2385 906 2420 utitur
938 2385 1088 2420 vocibus
1115 2384 1255 2430 ἤκμασε
1284 2381 1330 2429 ἦν
1357 2382 1588 2431 ἐγνωρίζετο,
1620 2387 1744 2420 tamen

183 2442 244 2478 hic
264 2439 410 2488 ἐγένετο
430 2455 496 2488 pro
518 2440 704 2488 ἐγεννήθη
726 2443 867 2479 dictum
889 2456 965 2479 esse
986 2445 1207 2490 putaverim,
1235 2456 1317 2479 cum
1344 2456 1490 2488 annum,
1519 2456 1591 2488 quo
1619 2447 1746 2480 natum

185 2515 265 2538 esse
290 2503 429 2537 Phalec
463 2503 727 2547 opinabantur,
759 2514 825 2548 pro
859 2514 945 2539 aera
976 2503 1151 2538 habuisse
1181 2504 1424 2548 chronologos
1457 2504 1631 2539 ostendat
1656 2504 1747 2549 Syn—

184 2563 298 2597 ccllus
326 2561 355 2607 (I
379 2564 434 2605 98,
459 2565 498 2596 17
528 2562 673 2605 Bonn.):
703 2562 752 2608 τῷ
778 2561 848 2607 γὰρ
878 2561 1012 2610 ,βψοιί
1042 2561 1114 2598 ἔτει
1139 2568 1204 2597 τοῦ
1232 2562 1369 2608 κόσμου
1386 2592 1391 2598 .
1410 2593 1415 2598 .
1434 2593 1439 2597 .
1458 2592 1462 2597 .
1484 2560 1670 2608 ἐγεννήθη
1698 2565 1746 2610 τῷ

175 2619 289 2667 ’Έβερ
317 2620 335 2655 ὁ
367 2619 487 2655 Φάλεκ
514 2620 577 2655 καὶ
603 2619 693 2665 μετὰ
719 2619 879 2665 τέσσαρα
907 2620 968 2665 ἕτη
995 2627 1058 2666 τῆς
1084 2627 1148 2657 τοῦ
1178 2621 1299 2657 Φάλεκ
1325 2622 1530 2666 γεννήσεως
1545 2651 1646 2658 .....
1663 2634 1747 2657 συν-

185 2680 377 2725 εχύθησαν
405 2678 448 2714 αἱ
469 2682 638 2725 γλῶσσαι.
689 2679 741 2714 Cf.
770 2691 852 2725 pag.
878 2684 960 2725 149,
984 2686 1021 2724 3;
1052 2685 1132 2725 151,
1163 2686 1193 2716 7.
1246 2681 1352 2716 Haud
1381 2693 1484 2716 secus
1513 2682 1601 2728 [Leo
1628 2693 1745 2727 gram—

184 2739 359 2786 maticus]
400 2739 592 2784 chronogr.
633 2751 717 2784 pag.
753 2743 807 2782 14,
844 2743 864 2773 2
904 2740 958 2773 ed.
999 2739 1132 2774 Bonn.:
1179 2737 1218 2775 ἐν
1257 2740 1351 2785 ἀρχῇ
1390 2746 1462 2775 τῶν
1500 2740 1646 2785 ἡμερῶν
1681 2747 1746 2776 τοῦ

186 2798 306 2835 Φάλεκ
333 2802 407 2834 κτλ.

303 2860 338 2903 2)
366 2857 417 2894 Cf.
440 2858 572 2894 Euseb.
593 2858 650 2894 Pr.
672 2858 735 2893 Ev.
756 2858 788 2892 X
813 2863 864 2900 11,
886 2862 907 2893 4
933 2871 1014 2904 pag.
1038 2863 1106 2893 492
1127 2871 1164 2894 a:
1199 2857 1237 2893 οἷ
1266 2858 1333 2904 μὲν
1366 2859 1448 2903 περὶ
1475 2859 1650 2905 Κράτητα
1676 2862 1747 2905 πρὸ

184 2923 247 2963 τῆς
276 2923 348 2953 τῶν
368 2916 621 2962 “Ηρακλειὸ“ῶν
653 2917 825 2953 καθόδου
858 2918 973 2963 φασὶν
1004 2918 1118 2953 αὐτὸν
1151 2918 1372 2963 ἠκμακέναι,
1403 2918 1494 2964 μετὰ
1526 2919 1571 2953 τὰ
1601 2919 1748 2964 Τρωικὰ

185 2975 365 3021 ἐνδοτέρω
392 2983 464 3011 τῶν
490 2976 721 3022 ὀγδοήκοντα
748 2974 849 3012 ε’τῶν.
