<?xml version="1.0" encoding="UTF-8"?>
<!DOCTYPE html PUBLIC "-//W3C//DTD XHTML 1.0 Transitional//EN"
    "http://www.w3.org/TR/xhtml1/DTD/xhtml1-transitional.dtd">
<html xmlns="http://www.w3.org/1999/xhtml" xml:lang="en" lang="en">
 <head>
  <title>
</title>
<meta http-equiv="Content-Type" content="text/html;charset=utf-8" />
  <meta name='ocr-system' content='tesseract 3.04.00' />
  <meta name='ocr-capabilities' content='ocr_page ocr_carea ocr_par ocr_line ocrx_word'/>
</head>
<body>
  <div class='ocr_page' id='page_1' title='image "./dealcmaeonecroto00wachuoft_0093.png"; bbox 0 0 2125 3439; ppageno 0'>
   <div class='ocr_carea' id='block_1_1' title="bbox 811 270 1100 308">
    <p class='ocr_par' dir='ltr' id='par_1_1' title="bbox 811 270 1100 308">
     <span class='ocr_line' id='line_1_1' title="bbox 811 270 1100 308; baseline -0.003 -9"><span class='ocrx_word' id='word_1_1' title='bbox 811 270 1100 308; x_wconf 52' lang='grc' dir='ltr'>,ΒΩ-</span> 
     </span>
    </p>
   </div>
   <div class='ocr_carea' id='block_1_2' title="bbox 176 373 1744 2771">
    <p class='ocr_par' dir='ltr' id='par_1_2' title="bbox 176 373 1744 2771">
     <span class='ocr_line' id='line_1_2' title="bbox 178 373 1739 429; baseline -0.002 -12"><span class='ocrx_word' id='word_1_2' title='bbox 178 376 395 418; x_wconf 76' lang='lat' dir='ltr'>concludit</span> <span class='ocrx_word' id='word_1_3' title='bbox 439 376 527 417; x_wconf 92' lang='lat' dir='ltr'>sive</span> <span class='ocrx_word' id='word_1_4' title='bbox 572 375 741 416; x_wconf 82' lang='lat' dir='ltr'>aliunde</span> <span class='ocrx_word' id='word_1_5' title='bbox 785 375 950 429; x_wconf 85' lang='lat' dir='ltr'>hausit,</span> <span class='ocrx_word' id='word_1_6' title='bbox 995 375 1217 416; x_wconf 85' lang='lat' dir='ltr'>minimam</span> <span class='ocrx_word' id='word_1_7' title='bbox 1256 374 1294 416; x_wconf 89' lang='lat' dir='ltr'>ei</span> <span class='ocrx_word' id='word_1_8' title='bbox 1334 374 1459 415; x_wconf 82' lang='lat' dir='ltr'>lidcm</span> <span class='ocrx_word' id='word_1_9' title='bbox 1498 373 1739 415; x_wconf 89' lang='lat' dir='ltr'>habendam</span> 
     </span>
     <span class='ocr_line' id='line_1_3' title="bbox 178 444 1736 501; baseline -0.002 -12"><span class='ocrx_word' id='word_1_10' title='bbox 178 461 269 489; x_wconf 89' lang='lat' dir='ltr'>esse</span> <span class='ocrx_word' id='word_1_11' title='bbox 303 447 393 501; x_wconf 90' lang='lat' dir='ltr'>ipse</span> <span class='ocrx_word' id='word_1_12' title='bbox 426 447 546 488; x_wconf 88' lang='lat' dir='ltr'>locus</span> <span class='ocrx_word' id='word_1_13' title='bbox 577 447 729 501; x_wconf 89' lang='lat' dir='ltr'>plenus</span> <span class='ocrx_word' id='word_1_14' title='bbox 767 445 1028 499; x_wconf 81' lang='lat' dir='ltr'>ineptiarum</span> <span class='ocrx_word' id='word_1_15' title='bbox 1064 445 1266 487; x_wconf 91' lang='lat' dir='ltr'>ostendit.</span> <span class='ocrx_word' id='word_1_16' title='bbox 1329 444 1428 486; x_wconf 91' lang='lat' dir='ltr'>Non</span> <span class='ocrx_word' id='word_1_17' title='bbox 1462 445 1622 487; x_wconf 87' lang='lat' dir='ltr'>maiore</span> <span class='ocrx_word' id='word_1_18' title='bbox 1656 446 1736 486; x_wconf 85' lang='lat' dir='ltr'>fide</span> 
     </span>
     <span class='ocr_line' id='line_1_4' title="bbox 178 514 1738 572; baseline -0.001 -14"><span class='ocrx_word' id='word_1_19' title='bbox 178 516 374 558; x_wconf 63' lang='lat' dir='ltr'>La&#39;ertius</span> <span class='ocrx_word' id='word_1_20' title='bbox 414 516 630 572; x_wconf 86' lang='lat' dir='ltr'>Diogenes</span> <span class='ocrx_word' id='word_1_21' title='bbox 669 516 825 571; x_wconf 88' lang='lat' dir='ltr'>dignus</span> <span class='ocrx_word' id='word_1_22' title='bbox 864 530 956 557; x_wconf 83' lang='lat' dir='ltr'>esse</span> <span class='ocrx_word' id='word_1_23' title='bbox 996 516 1181 569; x_wconf 86' lang='lat' dir='ltr'>videtur,</span> <span class='ocrx_word' id='word_1_24' title='bbox 1219 516 1292 570; x_wconf 90' lang='lat' dir='ltr'>qui</span> <span class='ocrx_word' id='word_1_25' title='bbox 1331 515 1355 556; x_wconf 93' lang='grc'>1.</span> <span class='ocrx_word' id='word_1_26' title='bbox 1389 517 1413 556; x_wconf 90' lang='lat' dir='ltr'>l.</span> <span class='ocrx_word' id='word_1_27' title='bbox 1453 519 1620 557; x_wconf 83' lang='lat' dir='ltr'>narrat:</span> <span class='ocrx_word' id='word_1_28' title='bbox 1667 514 1738 557; x_wconf 85' lang='grc' dir='ltr'>καὶ</span> 
     </span>
     <span class='ocr_line' id='line_1_5' title="bbox 178 584 1740 641; baseline -0.003 -11"><span class='ocrx_word' id='word_1_29' title='bbox 178 584 306 637; x_wconf 86' lang='grc' dir='ltr'><em>οὗτος</em></span> <span class='ocrx_word' id='word_1_30' title='bbox 342 589 620 641; x_wconf 81' lang='grc' dir='ltr'><em>Πυθαγόρου</em></span> <span class='ocrx_word' id='word_1_31' title='bbox 664 587 881 640; x_wconf 80' lang='grc' dir='ltr'><em>διήκουσε.</em></span> <span class='ocrx_word' id='word_1_32' title='bbox 944 586 1196 627; x_wconf 82' lang='lat' dir='ltr'>Aristotelis</span> <span class='ocrx_word' id='word_1_33' title='bbox 1235 590 1379 627; x_wconf 83' lang='lat' dir='ltr'>autem</span> <span class='ocrx_word' id='word_1_34' title='bbox 1424 586 1563 641; x_wconf 88' lang='lat' dir='ltr'>qualis</span> <span class='ocrx_word' id='word_1_35' title='bbox 1609 586 1740 628; x_wconf 83' lang='lat' dir='ltr'>suerit</span> 
     </span>
     <span class='ocr_line' id='line_1_6' title="bbox 181 655 1740 713; baseline -0.001 -13"><span class='ocrx_word' id='word_1_36' title='bbox 181 657 346 713; x_wconf 87' lang='lat' dir='ltr'>opinio,</span> <span class='ocrx_word' id='word_1_37' title='bbox 397 657 601 700; x_wconf 85' lang='lat' dir='ltr'>discimus</span> <span class='ocrx_word' id='word_1_38' title='bbox 647 672 668 698; x_wconf 89' lang='lat' dir='ltr'>e</span> <span class='ocrx_word' id='word_1_39' title='bbox 714 656 814 698; x_wconf 88' lang='lat' dir='ltr'>Met.</span> <span class='ocrx_word' id='word_1_40' title='bbox 861 657 888 698; x_wconf 92' lang='lat' dir='ltr'>l.</span> <span class='ocrx_word' id='word_1_41' title='bbox 932 657 980 711; x_wconf 91' lang='lat' dir='ltr'>l.,</span> <span class='ocrx_word' id='word_1_42' title='bbox 1031 657 1104 698; x_wconf 88' lang='lat' dir='ltr'>ubi</span> <span class='ocrx_word' id='word_1_43' title='bbox 1148 657 1243 711; x_wconf 81' lang='lat' dir='ltr'>ipsa</span> <span class='ocrx_word' id='word_1_44' title='bbox 1288 658 1560 712; x_wconf 87' lang='lat' dir='ltr'>oppositione</span> <span class='ocrx_word' id='word_1_45' title='bbox 1611 655 1740 708; x_wconf 80' lang='grc' dir='ltr'><em>οὗτος</em></span> 
     </span>
     <span class='ocr_line' id='line_1_7' title="bbox 177 725 1739 784; baseline 0 -14"><span class='ocrx_word' id='word_1_46' title='bbox 177 726 258 783; x_wconf 72' lang='grc' dir='ltr'>μὲν</span> <span class='ocrx_word' id='word_1_47' title='bbox 274 762 401 770; x_wconf 90' lang='grc'><strong><em>.....</em></strong></span> <span class='ocrx_word' id='word_1_48' title='bbox 420 729 467 770; x_wconf 79' lang='grc' dir='ltr'>οἱ</span> <span class='ocrx_word' id='word_1_49' title='bbox 504 725 551 770; x_wconf 76' lang='grc' dir='ltr'>δὲ</span> <span class='ocrx_word' id='word_1_50' title='bbox 591 729 896 782; x_wconf 88' lang='grc' dir='ltr'><em>Πυθαγόρειοι</em></span> <span class='ocrx_word' id='word_1_51' title='bbox 936 727 1242 770; x_wconf 82' lang='lat' dir='ltr'>Alcmaeonem</span> <span class='ocrx_word' id='word_1_52' title='bbox 1288 743 1312 768; x_wconf 92' lang='lat' dir='ltr'>a</span> <span class='ocrx_word' id='word_1_53' title='bbox 1352 728 1637 784; x_wconf 68' lang='lat' dir='ltr'>Pythagoreis</span> <span class='ocrx_word' id='word_1_54' title='bbox 1680 744 1739 770; x_wconf 89' lang='lat' dir='ltr'>sc-</span> 
     </span>
     <span class='ocr_line' id='line_1_8' title="bbox 178 796 1738 855; baseline -0.001 -14"><span class='ocrx_word' id='word_1_55' title='bbox 178 802 343 855; x_wconf 85' lang='lat' dir='ltr'>gregat.</span> <span class='ocrx_word' id='word_1_56' title='bbox 395 798 518 848; x_wconf 81' lang='lat' dir='ltr'>Quod</span> <span class='ocrx_word' id='word_1_57' title='bbox 550 799 661 841; x_wconf 83' lang='lat' dir='ltr'>falso</span> <span class='ocrx_word' id='word_1_58' title='bbox 694 799 1007 854; x_wconf 85' lang='lat' dir='ltr'>interpretatur</span> <span class='ocrx_word' id='word_1_59' title='bbox 1035 798 1302 853; x_wconf 86' lang='lat' dir='ltr'>Philoponus</span> <span class='ocrx_word' id='word_1_60' title='bbox 1336 796 1407 854; x_wconf 88' lang='lat' dir='ltr'>(ad</span> <span class='ocrx_word' id='word_1_61' title='bbox 1438 800 1565 840; x_wconf 78' lang='lat' dir='ltr'>Arist.</span> <span class='ocrx_word' id='word_1_62' title='bbox 1594 800 1643 840; x_wconf 83' lang='lat' dir='ltr'>‹le</span> <span class='ocrx_word' id='word_1_63' title='bbox 1675 815 1738 841; x_wconf 84' lang='lat' dir='ltr'>au.</span> 
     </span>
     <span class='ocr_line' id='line_1_9' title="bbox 177 869 1741 926; baseline -0.001 -14"><span class='ocrx_word' id='word_1_64' title='bbox 177 871 264 913; x_wconf 75' lang='lat'>405</span> <span class='ocrx_word' id='word_1_65' title='bbox 298 886 322 912; x_wconf 92' lang='lat' dir='ltr'>a</span> <span class='ocrx_word' id='word_1_66' title='bbox 354 871 428 925; x_wconf 77' lang='lat'>293</span> <span class='ocrx_word' id='word_1_67' title='bbox 463 870 514 912; x_wconf 90' lang='lat' dir='ltr'>cf.</span> <span class='ocrx_word' id='word_1_68' title='bbox 547 870 587 912; x_wconf 93' lang='lat' dir='ltr'>h.</span> <span class='ocrx_word' id='word_1_69' title='bbox 622 870 720 912; x_wconf 88' lang='lat' dir='ltr'>diss.</span> <span class='ocrx_word' id='word_1_70' title='bbox 754 884 850 926; x_wconf 84' lang='lat' dir='ltr'>pag.</span> <span class='ocrx_word' id='word_1_71' title='bbox 878 872 966 925; x_wconf 77' lang='lat'>55),</span> <span class='ocrx_word' id='word_1_72' title='bbox 1006 870 1078 925; x_wconf 86' lang='lat' dir='ltr'>qui</span> <span class='ocrx_word' id='word_1_73' title='bbox 1111 869 1203 911; x_wconf 84' lang='lat' dir='ltr'>solo</span> <span class='ocrx_word' id='word_1_74' title='bbox 1237 870 1281 911; x_wconf 92' lang='lat' dir='ltr'>in</span> <span class='ocrx_word' id='word_1_75' title='bbox 1312 869 1549 911; x_wconf 78' lang='lat' dir='ltr'>Aristotele</span> <span class='ocrx_word' id='word_1_76' title='bbox 1584 885 1627 911; x_wconf 89' lang='lat' dir='ltr'>se</span> <span class='ocrx_word' id='word_1_77' title='bbox 1661 870 1741 911; x_wconf 88' lang='lat' dir='ltr'>niti</span> 
     </span>
     <span class='ocr_line' id='line_1_10' title="bbox 177 937 1741 997; baseline -0.001 -14"><span class='ocrx_word' id='word_1_78' title='bbox 177 941 269 996; x_wconf 88' lang='lat' dir='ltr'>ipse</span> <span class='ocrx_word' id='word_1_79' title='bbox 310 941 525 996; x_wconf 82' lang='lat' dir='ltr'>concedit3</span> <span class='ocrx_word' id='word_1_80' title='bbox 563 945 679 984; x_wconf 88' lang='lat' dir='ltr'>recte</span> <span class='ocrx_word' id='word_1_81' title='bbox 720 940 970 996; x_wconf 84' lang='lat' dir='ltr'>Simplicius</span> <span class='ocrx_word' id='word_1_82' title='bbox 1009 940 1082 997; x_wconf 81' lang='lat' dir='ltr'>(ad</span> <span class='ocrx_word' id='word_1_83' title='bbox 1121 941 1303 982; x_wconf 87' lang='lat' dir='ltr'>eundem</span> <span class='ocrx_word' id='word_1_84' title='bbox 1342 939 1523 996; x_wconf 86' lang='lat' dir='ltr'>locum):</span> <span class='ocrx_word' id='word_1_85' title='bbox 1565 941 1588 983; x_wconf 87' lang='grc' dir='ltr'>ὁ</span> <span class='ocrx_word' id='word_1_86' title='bbox 1623 937 1741 982; x_wconf 81' lang='grc' dir='ltr'><em>Ἀλκ-</em></span> 
     </span>
     <span class='ocr_line' id='line_1_11' title="bbox 177 1011 1741 1067; baseline -0.001 -13"><span class='ocrx_word' id='word_1_87' title='bbox 177 1014 320 1067; x_wconf 87' lang='grc' dir='ltr'><em>μαίων</em></span> <span class='ocrx_word' id='word_1_88' title='bbox 348 1012 658 1067; x_wconf 75' lang='grc' dir='ltr'><em>Κροτωνιάτης</em></span> <span class='ocrx_word' id='word_1_89' title='bbox 690 1013 751 1054; x_wconf 82' lang='grc' dir='ltr'><em>ὢν</em></span> <span class='ocrx_word' id='word_1_90' title='bbox 783 1012 868 1055; x_wconf 89' lang='grc' dir='ltr'>ὑπὸ</span> <span class='ocrx_word' id='word_1_91' title='bbox 901 1011 981 1067; x_wconf 77' lang='grc' dir='ltr'><em>μὲν</em></span> <span class='ocrx_word' id='word_1_92' title='bbox 1007 1013 1154 1054; x_wconf 77' lang='grc' dir='ltr'><em>ἄλλων</em></span> <span class='ocrx_word' id='word_1_93' title='bbox 1181 1012 1237 1061; x_wconf 87' lang='grc' dir='ltr'>ὡς</span> <span class='ocrx_word' id='word_1_94' title='bbox 1264 1013 1574 1065; x_wconf 71' lang='grc' dir='ltr'><em>Πυθαγόρειος</em></span> <span class='ocrx_word' id='word_1_95' title='bbox 1606 1026 1741 1065; x_wconf 89' lang='grc' dir='ltr'><em>παρα-</em></span> 
     </span>
     <span class='ocr_line' id='line_1_12' title="bbox 181 1080 1744 1138; baseline -0.002 -13"><span class='ocrx_word' id='word_1_96' title='bbox 181 1082 380 1137; x_wconf 80' lang='grc' dir='ltr'><em>δέδοται,</em></span> <span class='ocrx_word' id='word_1_97' title='bbox 417 1083 502 1126; x_wconf 87' lang='grc' dir='ltr'>ὑπὸ</span> <span class='ocrx_word' id='word_1_98' title='bbox 535 1082 573 1125; x_wconf 85' lang='grc' dir='ltr'>δ’</span> <span class='ocrx_word' id='word_1_99' title='bbox 607 1080 931 1137; x_wconf 84' lang='grc' dir='ltr'><em>Ἀριστοτέλους</em></span> <span class='ocrx_word' id='word_1_100' title='bbox 971 1082 1018 1124; x_wconf 86' lang='grc' dir='ltr'><em>ἐν</em></span> <span class='ocrx_word' id='word_1_101' title='bbox 1049 1088 1098 1138; x_wconf 72' lang='grc' dir='ltr'>τῇ</span> <span class='ocrx_word' id='word_1_102' title='bbox 1133 1084 1258 1124; x_wconf 36' lang='lat' dir='ltr'>*Merit</span> <span class='ocrx_word' id='word_1_103' title='bbox 1298 1084 1346 1124; x_wconf 83' lang='grc' dir='ltr'>τὰ</span> <span class='ocrx_word' id='word_1_104' title='bbox 1380 1082 1546 1137; x_wconf 80' lang='grc' dir='ltr'><em>φυσικὰ</em></span> <span class='ocrx_word' id='word_1_105' title='bbox 1580 1082 1636 1131; x_wconf 86' lang='grc' dir='ltr'>ὡς</span> <span class='ocrx_word' id='word_1_106' title='bbox 1669 1082 1744 1132; x_wconf 74' lang='grc' dir='ltr'>τὰς</span> 
     </span>
     <span class='ocr_line' id='line_1_13' title="bbox 181 1151 1738 1209; baseline -0.001 -13"><span class='ocrx_word' id='word_1_107' title='bbox 181 1155 262 1196; x_wconf 90' lang='grc' dir='ltr'>δύο</span> <span class='ocrx_word' id='word_1_108' title='bbox 302 1156 552 1209; x_wconf 83' lang='grc' dir='ltr'><em>συστοιχίας</em></span> <span class='ocrx_word' id='word_1_109' title='bbox 589 1154 614 1208; x_wconf 79' lang='grc' dir='ltr'>ἢ</span> <span class='ocrx_word' id='word_1_110' title='bbox 654 1154 783 1204; x_wconf 88' lang='grc' dir='ltr'><em>αὐτὸς</em></span> <span class='ocrx_word' id='word_1_111' title='bbox 819 1155 1045 1208; x_wconf 86' lang='grc' dir='ltr'><em>παραδοὺς</em></span> <span class='ocrx_word' id='word_1_112' title='bbox 1082 1161 1173 1203; x_wconf 86' lang='grc' dir='ltr'><em>τοϊς</em></span> <span class='ocrx_word' id='word_1_113' title='bbox 1205 1155 1534 1209; x_wconf 77' lang='grc' dir='ltr'><em>Πυθαγορείοις</em></span> <span class='ocrx_word' id='word_1_114' title='bbox 1573 1153 1598 1207; x_wconf 79' lang='grc' dir='ltr'>ἢ</span> <span class='ocrx_word' id='word_1_115' title='bbox 1638 1151 1738 1207; x_wconf 86' lang='grc' dir='ltr'><em>παρ’</em></span> 
     </span>
     <span class='ocr_line' id='line_1_14' title="bbox 178 1224 1741 1279; baseline -0.002 -12"><span class='ocrx_word' id='word_1_116' title='bbox 178 1224 360 1267; x_wconf 84' lang='grc' dir='ltr'><em>ἐκείνων</em></span> <span class='ocrx_word' id='word_1_117' title='bbox 387 1226 536 1279; x_wconf 88' lang='grc' dir='ltr'><em>λαβὼν</em></span> <span class='ocrx_word' id='word_1_118' title='bbox 563 1226 734 1279; x_wconf 83' lang='grc' dir='ltr'><em>μνήμης</em></span> <span class='ocrx_word' id='word_1_119' title='bbox 760 1226 949 1279; x_wconf 85' lang='grc' dir='ltr'><em>ἠξίωται.</em></span> <span class='ocrx_word' id='word_1_120' title='bbox 1000 1225 1253 1266; x_wconf 87' lang='lat' dir='ltr'>Aristotelis</span> <span class='ocrx_word' id='word_1_121' title='bbox 1283 1228 1428 1266; x_wconf 85' lang='lat' dir='ltr'>autem</span> <span class='ocrx_word' id='word_1_122' title='bbox 1456 1224 1614 1279; x_wconf 88' lang='lat' dir='ltr'>opinio,</span> <span class='ocrx_word' id='word_1_123' title='bbox 1647 1238 1741 1265; x_wconf 83' lang='lat' dir='ltr'>cum</span> 
     </span>
     <span class='ocr_line' id='line_1_15' title="bbox 176 1295 1741 1351; baseline -0.001 -14"><span class='ocrx_word' id='word_1_124' title='bbox 176 1296 310 1350; x_wconf 84' lang='lat' dir='ltr'>probe</span> <span class='ocrx_word' id='word_1_125' title='bbox 349 1295 508 1337; x_wconf 88' lang='lat' dir='ltr'>librum</span> <span class='ocrx_word' id='word_1_126' title='bbox 546 1296 823 1338; x_wconf 87' lang='lat' dir='ltr'>Alcmaeonis</span> <span class='ocrx_word' id='word_1_127' title='bbox 863 1295 1086 1351; x_wconf 84' lang='lat' dir='ltr'>cognitum</span> <span class='ocrx_word' id='word_1_128' title='bbox 1126 1296 1344 1350; x_wconf 81' lang='lat' dir='ltr'>habuerit,</span> <span class='ocrx_word' id='word_1_129' title='bbox 1384 1296 1494 1337; x_wconf 79' lang='lat' dir='ltr'>tanti</span> <span class='ocrx_word' id='word_1_130' title='bbox 1535 1295 1741 1336; x_wconf 78' lang='lat' dir='ltr'>momenti</span> 
     </span>
     <span class='ocr_line' id='line_1_16' title="bbox 176 1365 1742 1422; baseline -0.001 -14"><span class='ocrx_word' id='word_1_131' title='bbox 176 1381 269 1408; x_wconf 87' lang='lat' dir='ltr'>esse</span> <span class='ocrx_word' id='word_1_132' title='bbox 307 1365 414 1408; x_wconf 91' lang='lat' dir='ltr'>mihi</span> <span class='ocrx_word' id='word_1_133' title='bbox 453 1366 640 1420; x_wconf 84' lang='lat' dir='ltr'>videtur,</span> <span class='ocrx_word' id='word_1_134' title='bbox 685 1370 732 1408; x_wconf 90' lang='lat' dir='ltr'>ut</span> <span class='ocrx_word' id='word_1_135' title='bbox 771 1381 820 1408; x_wconf 88' lang='lat' dir='ltr'>ea</span> <span class='ocrx_word' id='word_1_136' title='bbox 858 1367 1215 1422; x_wconf 89' lang='lat' dir='ltr'>acquiescendum</span> <span class='ocrx_word' id='word_1_137' title='bbox 1263 1382 1355 1408; x_wconf 85' lang='lat' dir='ltr'>esse</span> <span class='ocrx_word' id='word_1_138' title='bbox 1398 1369 1557 1421; x_wconf 87' lang='lat' dir='ltr'>putem.</span> <span class='ocrx_word' id='word_1_139' title='bbox 1621 1365 1742 1406; x_wconf 84' lang='lat' dir='ltr'>Prae-</span> 
     </span>
     <span class='ocr_line' id='line_1_17' title="bbox 177 1437 1743 1492; baseline -0.002 -13"><span class='ocrx_word' id='word_1_140' title='bbox 177 1437 327 1480; x_wconf 86' lang='lat' dir='ltr'>sertim</span> <span class='ocrx_word' id='word_1_141' title='bbox 361 1452 457 1480; x_wconf 88' lang='lat' dir='ltr'>cum</span> <span class='ocrx_word' id='word_1_142' title='bbox 487 1453 539 1480; x_wconf 89' lang='lat' dir='ltr'>ne</span> <span class='ocrx_word' id='word_1_143' title='bbox 566 1437 892 1492; x_wconf 75' lang='lat' dir='ltr'>Theophrastus</span> <span class='ocrx_word' id='word_1_144' title='bbox 926 1438 1099 1492; x_wconf 88' lang='lat' dir='ltr'>quidem</span> <span class='ocrx_word' id='word_1_145' title='bbox 1132 1438 1258 1479; x_wconf 84' lang='lat' dir='ltr'>aliter</span> <span class='ocrx_word' id='word_1_146' title='bbox 1291 1438 1502 1479; x_wconf 82' lang='lat' dir='ltr'>iudicasse</span> <span class='ocrx_word' id='word_1_147' title='bbox 1535 1437 1743 1490; x_wconf 79' lang='lat' dir='ltr'>videatur,</span> 
     </span>
     <span class='ocr_line' id='line_1_18' title="bbox 178 1507 1742 1565; baseline -0.002 -14"><span class='ocrx_word' id='word_1_148' title='bbox 178 1509 382 1565; x_wconf 88' lang='lat' dir='ltr'>quoniam</span> <span class='ocrx_word' id='word_1_149' title='bbox 415 1512 458 1551; x_wconf 92' lang='lat' dir='ltr'>et</span> <span class='ocrx_word' id='word_1_150' title='bbox 492 1509 645 1551; x_wconf 74' lang='lat' dir='ltr'>A&#39;etius</span> <span class='ocrx_word' id='word_1_151' title='bbox 683 1508 810 1564; x_wconf 85' lang='lat' dir='ltr'>(Dox.</span> <span class='ocrx_word' id='word_1_152' title='bbox 838 1510 924 1551; x_wconf 83' lang='lat'>360</span> <span class='ocrx_word' id='word_1_153' title='bbox 951 1525 975 1550; x_wconf 84' lang='lat' dir='ltr'>a</span> <span class='ocrx_word' id='word_1_154' title='bbox 1006 1512 1040 1563; x_wconf 88' lang='lat'>1,</span> <span class='ocrx_word' id='word_1_155' title='bbox 1067 1510 1094 1550; x_wconf 91' lang='lat' dir='ltr'>b</span> <span class='ocrx_word' id='word_1_156' title='bbox 1129 1508 1187 1565; x_wconf 87' lang='lat'>1),</span> <span class='ocrx_word' id='word_1_157' title='bbox 1225 1513 1458 1564; x_wconf 82' lang='lat' dir='ltr'>postquam</span> <span class='ocrx_word' id='word_1_158' title='bbox 1499 1507 1742 1549; x_wconf 85' lang='lat' dir='ltr'>accuratius</span> 
     </span>
     <span class='ocr_line' id='line_1_19' title="bbox 177 1579 1741 1636; baseline -0.002 -14"><span class='ocrx_word' id='word_1_159' title='bbox 177 1580 227 1622; x_wconf 89' lang='lat' dir='ltr'>de</span> <span class='ocrx_word' id='word_1_160' title='bbox 254 1580 544 1636; x_wconf 86' lang='lat' dir='ltr'>Pythagoreis</span> <span class='ocrx_word' id='word_1_161' title='bbox 570 1580 741 1622; x_wconf 86' lang='lat' dir='ltr'>locutus</span> <span class='ocrx_word' id='word_1_162' title='bbox 769 1580 914 1635; x_wconf 88' lang='lat' dir='ltr'>plures</span> <span class='ocrx_word' id='word_1_163' title='bbox 941 1595 1089 1622; x_wconf 90' lang='lat' dir='ltr'>eorum</span> <span class='ocrx_word' id='word_1_164' title='bbox 1117 1583 1257 1622; x_wconf 86' lang='lat' dir='ltr'>sectas</span> <span class='ocrx_word' id='word_1_165' title='bbox 1285 1580 1565 1633; x_wconf 81' lang='lat' dir='ltr'>enumeravit,</span> <span class='ocrx_word' id='word_1_166' title='bbox 1593 1579 1741 1620; x_wconf 85' lang='lat' dir='ltr'>eodem</span> 
     </span>
     <span class='ocr_line' id='line_1_20' title="bbox 177 1649 1743 1706; baseline -0.001 -14"><span class='ocrx_word' id='word_1_167' title='bbox 177 1652 221 1692; x_wconf 90' lang='lat' dir='ltr'>in</span> <span class='ocrx_word' id='word_1_168' title='bbox 241 1651 382 1706; x_wconf 89' lang='lat' dir='ltr'>capite</span> <span class='ocrx_word' id='word_1_169' title='bbox 410 1651 632 1706; x_wconf 89' lang='lat' dir='ltr'>proprium</span> <span class='ocrx_word' id='word_1_170' title='bbox 659 1651 910 1693; x_wconf 87' lang='lat' dir='ltr'>Alcmaeoni</span> <span class='ocrx_word' id='word_1_171' title='bbox 937 1652 1096 1693; x_wconf 89' lang='lat' dir='ltr'>lemma</span> <span class='ocrx_word' id='word_1_172' title='bbox 1116 1652 1324 1704; x_wconf 87' lang='lat' dir='ltr'>concedit,</span> <span class='ocrx_word' id='word_1_173' title='bbox 1351 1654 1393 1693; x_wconf 91' lang='lat' dir='ltr'>et</span> <span class='ocrx_word' id='word_1_174' title='bbox 1415 1649 1565 1692; x_wconf 86' lang='lat' dir='ltr'>Cicero</span> <span class='ocrx_word' id='word_1_175' title='bbox 1582 1650 1743 1705; x_wconf 44' lang='lat' dir='ltr'>tdmat.</span> 
     </span>
     <span class='ocr_line' id='line_1_21' title="bbox 177 1721 1744 1778; baseline -0.001 -14"><span class='ocrx_word' id='word_1_176' title='bbox 177 1723 289 1764; x_wconf 89' lang='lat' dir='ltr'>deor.</span> <span class='ocrx_word' id='word_1_177' title='bbox 315 1722 334 1763; x_wconf 93' lang='lat' dir='ltr'>I</span> <span class='ocrx_word' id='word_1_178' title='bbox 360 1722 432 1777; x_wconf 86' lang='lat'>11)</span> <span class='ocrx_word' id='word_1_179' title='bbox 459 1726 558 1764; x_wconf 89' lang='lat' dir='ltr'>ante</span> <span class='ocrx_word' id='word_1_180' title='bbox 586 1722 894 1778; x_wconf 74' lang='lat' dir='ltr'>Pythagoram,</span> <span class='ocrx_word' id='word_1_181' title='bbox 921 1726 1021 1778; x_wconf 89' lang='lat' dir='ltr'>post</span> <span class='ocrx_word' id='word_1_182' title='bbox 1047 1722 1218 1765; x_wconf 86' lang='lat' dir='ltr'>Ionicos</span> <span class='ocrx_word' id='word_1_183' title='bbox 1245 1737 1342 1764; x_wconf 90' lang='lat' dir='ltr'>eum</span> <span class='ocrx_word' id='word_1_184' title='bbox 1370 1722 1504 1777; x_wconf 90' lang='lat' dir='ltr'>ponit.</span> <span class='ocrx_word' id='word_1_185' title='bbox 1562 1721 1744 1763; x_wconf 85' lang='lat' dir='ltr'>Accedit</span> 
     </span>
     <span class='ocr_line' id='line_1_22' title="bbox 177 1791 1742 1850; baseline -0.001 -16"><span class='ocrx_word' id='word_1_186' title='bbox 177 1793 292 1848; x_wconf 89' lang='lat' dir='ltr'>quod</span> <span class='ocrx_word' id='word_1_187' title='bbox 323 1808 410 1835; x_wconf 88' lang='lat' dir='ltr'>non</span> <span class='ocrx_word' id='word_1_188' title='bbox 442 1793 755 1836; x_wconf 88' lang='lat' dir='ltr'>incredibiliter</span> <span class='ocrx_word' id='word_1_189' title='bbox 791 1792 1033 1835; x_wconf 88' lang='lat' dir='ltr'>Demetrius</span> <span class='ocrx_word' id='word_1_190' title='bbox 1061 1793 1240 1850; x_wconf 84' lang='lat' dir='ltr'>Magnes</span> <span class='ocrx_word' id='word_1_191' title='bbox 1271 1793 1520 1835; x_wconf 88' lang='lat' dir='ltr'>Philolaum</span> <span class='ocrx_word' id='word_1_192' title='bbox 1554 1791 1742 1846; x_wconf 88' lang='lat' dir='ltr'>primum</span> 
     </span>
     <span class='ocr_line' id='line_1_23' title="bbox 178 1861 1742 1921; baseline -0.001 -17"><span class='ocrx_word' id='word_1_193' title='bbox 178 1863 292 1906; x_wconf 89' lang='lat' dir='ltr'>inter</span> <span class='ocrx_word' id='word_1_194' title='bbox 329 1862 630 1920; x_wconf 88' lang='lat' dir='ltr'>Pythagoreos</span> <span class='ocrx_word' id='word_1_195' title='bbox 669 1865 829 1906; x_wconf 89' lang='lat' dir='ltr'>librum</span> <span class='ocrx_word' id='word_1_196' title='bbox 868 1865 1052 1906; x_wconf 84' lang='lat' dir='ltr'>edidisse</span> <span class='ocrx_word' id='word_1_197' title='bbox 1092 1868 1240 1906; x_wconf 85' lang='lat' dir='ltr'>narrat</span> <span class='ocrx_word' id='word_1_198' title='bbox 1277 1863 1440 1921; x_wconf 63' lang='lat' dir='ltr'>(Laert.</span> <span class='ocrx_word' id='word_1_199' title='bbox 1475 1863 1601 1918; x_wconf 86' lang='lat' dir='ltr'>Diog.</span> <span class='ocrx_word' id='word_1_200' title='bbox 1636 1861 1742 1903; x_wconf 89' lang='lat' dir='ltr'>VIII</span> 
     </span>
     <span class='ocr_line' id='line_1_24' title="bbox 179 1934 1743 1991; baseline -0.001 -15"><span class='ocrx_word' id='word_1_201' title='bbox 179 1936 216 1989; x_wconf 86' lang='lat'>7,</span> <span class='ocrx_word' id='word_1_202' title='bbox 245 1936 291 1990; x_wconf 79' lang='lat'>43</span> <span class='ocrx_word' id='word_1_203' title='bbox 326 1937 362 1990; x_wconf 88' lang='lat'>1,</span> <span class='ocrx_word' id='word_1_204' title='bbox 389 1934 446 1991; x_wconf 77' lang='grc' dir='ltr'>ὁ).</span> <span class='ocrx_word' id='word_1_205' title='bbox 509 1935 739 1977; x_wconf 88' lang='lat' dir='ltr'>Praeterea</span> <span class='ocrx_word' id='word_1_206' title='bbox 776 1951 1054 1978; x_wconf 88' lang='lat' dir='ltr'>numerorum</span> <span class='ocrx_word' id='word_1_207' title='bbox 1086 1936 1325 1991; x_wconf 88' lang='lat' dir='ltr'>doctrinae,</span> <span class='ocrx_word' id='word_1_208' title='bbox 1364 1950 1493 1990; x_wconf 88' lang='lat' dir='ltr'>quam</span> <span class='ocrx_word' id='word_1_209' title='bbox 1526 1934 1743 1989; x_wconf 66' lang='lat' dir='ltr'>Pythago-</span> 
     </span>
     <span class='ocr_line' id='line_1_25' title="bbox 177 2004 1740 2061; baseline -0.001 -14"><span class='ocrx_word' id='word_1_210' title='bbox 177 2020 349 2048; x_wconf 86' lang='lat' dir='ltr'>reorum</span> <span class='ocrx_word' id='word_1_211' title='bbox 368 2006 619 2061; x_wconf 86' lang='lat' dir='ltr'>primarium</span> <span class='ocrx_word' id='word_1_212' title='bbox 641 2006 774 2049; x_wconf 90' lang='lat' dir='ltr'>fuisse</span> <span class='ocrx_word' id='word_1_213' title='bbox 802 2007 1010 2061; x_wconf 90' lang='lat' dir='ltr'>placitum</span> <span class='ocrx_word' id='word_1_214' title='bbox 1035 2007 1207 2061; x_wconf 88' lang='lat' dir='ltr'>scimus,</span> <span class='ocrx_word' id='word_1_215' title='bbox 1232 2022 1284 2048; x_wconf 91' lang='lat' dir='ltr'>ne</span> <span class='ocrx_word' id='word_1_216' title='bbox 1313 2006 1540 2048; x_wconf 90' lang='lat' dir='ltr'>minimum</span> <span class='ocrx_word' id='word_1_217' title='bbox 1568 2004 1740 2060; x_wconf 86' lang='lat' dir='ltr'>quidem</span> 
     </span>
     <span class='ocr_line' id='line_1_26' title="bbox 176 2075 1743 2133; baseline -0.002 -15"><span class='ocrx_word' id='word_1_218' title='bbox 176 2077 221 2118; x_wconf 92' lang='lat' dir='ltr'>in</span> <span class='ocrx_word' id='word_1_219' title='bbox 258 2076 536 2119; x_wconf 86' lang='lat' dir='ltr'>Alcmaeonis</span> <span class='ocrx_word' id='word_1_220' title='bbox 581 2077 838 2133; x_wconf 86' lang='lat' dir='ltr'>fragmentis</span> <span class='ocrx_word' id='word_1_221' title='bbox 885 2078 1117 2133; x_wconf 88' lang='lat' dir='ltr'>vestigium</span> <span class='ocrx_word' id='word_1_222' title='bbox 1157 2077 1353 2131; x_wconf 82' lang='lat' dir='ltr'>exstat.¹)</span> <span class='ocrx_word' id='word_1_223' title='bbox 1417 2076 1534 2118; x_wconf 89' lang='lat' dir='ltr'>Num</span> <span class='ocrx_word' id='word_1_224' title='bbox 1577 2075 1743 2117; x_wconf 85' lang='lat' dir='ltr'>animas</span> 
     </span>
     <span class='ocr_line' id='line_1_27' title="bbox 177 2146 1743 2204; baseline -0.003 -14"><span class='ocrx_word' id='word_1_225' title='bbox 177 2148 365 2204; x_wconf 89' lang='lat' dir='ltr'>migrare</span> <span class='ocrx_word' id='word_1_226' title='bbox 387 2147 459 2190; x_wconf 88' lang='lat' dir='ltr'>ille</span> <span class='ocrx_word' id='word_1_227' title='bbox 480 2148 688 2202; x_wconf 84' lang='lat' dir='ltr'>docuerit,</span> <span class='ocrx_word' id='word_1_228' title='bbox 715 2149 945 2191; x_wconf 89' lang='lat' dir='ltr'>admodum</span> <span class='ocrx_word' id='word_1_229' title='bbox 973 2149 1079 2190; x_wconf 91' lang='lat' dir='ltr'>mihi</span> <span class='ocrx_word' id='word_1_230' title='bbox 1107 2149 1285 2190; x_wconf 89' lang='lat' dir='ltr'>dubium</span> <span class='ocrx_word' id='word_1_231' title='bbox 1308 2151 1384 2190; x_wconf 92' lang='lat' dir='ltr'>est.</span> <span class='ocrx_word' id='word_1_232' title='bbox 1429 2146 1543 2189; x_wconf 87' lang='lat' dir='ltr'>Nam</span> <span class='ocrx_word' id='word_1_233' title='bbox 1571 2146 1743 2188; x_wconf 89' lang='lat' dir='ltr'>etiamsi</span> 
     </span>
     <span class='ocr_line' id='line_1_28' title="bbox 177 2217 1743 2274; baseline -0.002 -13"><span class='ocrx_word' id='word_1_234' title='bbox 177 2219 394 2274; x_wconf 90' lang='lat' dir='ltr'>quomodo</span> <span class='ocrx_word' id='word_1_235' title='bbox 422 2223 628 2274; x_wconf 76' lang='grc' dir='ltr'><em>αἴσθησις</em></span> <span class='ocrx_word' id='word_1_236' title='bbox 654 2235 729 2274; x_wconf 89' lang='lat' dir='ltr'>per</span> <span class='ocrx_word' id='word_1_237' title='bbox 750 2222 926 2274; x_wconf 85' lang='grc' dir='ltr'><em>μνήμην</em></span> <span class='ocrx_word' id='word_1_238' title='bbox 947 2223 1076 2274; x_wconf 85' lang='lat' dir='ltr'>atque</span> <span class='ocrx_word' id='word_1_239' title='bbox 1098 2219 1233 2270; x_wconf 83' lang='grc' dir='ltr'><em>δόξαν</em></span> <span class='ocrx_word' id='word_1_240' title='bbox 1259 2220 1336 2261; x_wconf 85' lang='lat' dir='ltr'>fiat</span> <span class='ocrx_word' id='word_1_241' title='bbox 1364 2219 1594 2273; x_wconf 84' lang='grc' dir='ltr'><em>ἐπιστήμη,</em></span> <span class='ocrx_word' id='word_1_242' title='bbox 1620 2217 1743 2268; x_wconf 86' lang='lat' dir='ltr'>illum</span> 
     </span>
     <span class='ocr_line' id='line_1_29' title="bbox 176 2288 1742 2345; baseline -0.001 -13"><span class='ocrx_word' id='word_1_243' title='bbox 176 2290 372 2332; x_wconf 84' lang='lat' dir='ltr'>docuisse</span> <span class='ocrx_word' id='word_1_244' title='bbox 387 2289 578 2332; x_wconf 89' lang='lat' dir='ltr'>Hirzelio</span> <span class='ocrx_word' id='word_1_245' title='bbox 595 2292 870 2345; x_wconf 87' lang='lat' dir='ltr'>concesseris,</span> <span class='ocrx_word' id='word_1_246' title='bbox 886 2294 1028 2332; x_wconf 85' lang='lat' dir='ltr'>tamen</span> <span class='ocrx_word' id='word_1_247' title='bbox 1048 2291 1237 2332; x_wconf 81' lang='lat' dir='ltr'>Platonis</span> <span class='ocrx_word' id='word_1_248' title='bbox 1254 2291 1298 2332; x_wconf 89' lang='lat' dir='ltr'>in</span> <span class='ocrx_word' id='word_1_249' title='bbox 1311 2290 1495 2332; x_wconf 89' lang='lat' dir='ltr'>Phaedri</span> <span class='ocrx_word' id='word_1_250' title='bbox 1512 2305 1550 2344; x_wconf 95' lang='lat' dir='ltr'>p.</span> <span class='ocrx_word' id='word_1_251' title='bbox 1563 2290 1648 2330; x_wconf 75' lang='lat'>294</span> <span class='ocrx_word' id='word_1_252' title='bbox 1661 2289 1697 2330; x_wconf 90' lang='lat' dir='ltr'>A</span> <span class='ocrx_word' id='word_1_253' title='bbox 1708 2288 1742 2330; x_wconf 92' lang='lat' dir='ltr'>B</span> 
     </span>
     <span class='ocr_line' id='line_1_30' title="bbox 181 2359 1743 2416; baseline -0.001 -14"><span class='ocrx_word' id='word_1_254' title='bbox 181 2361 312 2402; x_wconf 87' lang='lat' dir='ltr'>verba</span> <span class='ocrx_word' id='word_1_255' title='bbox 349 2361 471 2403; x_wconf 88' lang='lat' dir='ltr'>haec:</span> <span class='ocrx_word' id='word_1_256' title='bbox 511 2363 622 2403; x_wconf 86' lang='grc' dir='ltr'><em>ἔνθα</em></span> <span class='ocrx_word' id='word_1_257' title='bbox 659 2360 731 2403; x_wconf 87' lang='grc' dir='ltr'>καὶ</span> <span class='ocrx_word' id='word_1_258' title='bbox 767 2363 829 2412; x_wconf 80' lang='grc' dir='ltr'>εἰς</span> <span class='ocrx_word' id='word_1_259' title='bbox 859 2364 1024 2416; x_wconf 86' lang='grc' dir='ltr'><em>θηρίου</em></span> <span class='ocrx_word' id='word_1_260' title='bbox 1056 2364 1157 2416; x_wconf 89' lang='grc' dir='ltr'><em>βίον</em></span> <span class='ocrx_word' id='word_1_261' title='bbox 1196 2362 1457 2416; x_wconf 85' lang='grc' dir='ltr'><em>ἀνθρωπίνη</em></span> <span class='ocrx_word' id='word_1_262' title='bbox 1496 2361 1611 2415; x_wconf 81' lang='grc' dir='ltr'><em>ψυχὴ</em></span> <span class='ocrx_word' id='word_1_263' title='bbox 1644 2359 1743 2414; x_wconf 84' lang='grc' dir='ltr'><em>ἀφι-</em></span> 
     </span>
     <span class='ocr_line' id='line_1_31' title="bbox 177 2430 1744 2487; baseline 0 -15"><span class='ocrx_word' id='word_1_264' title='bbox 177 2438 342 2473; x_wconf 81' lang='grc' dir='ltr'><em>κνεῖται</em></span> <span class='ocrx_word' id='word_1_265' title='bbox 374 2430 446 2473; x_wconf 86' lang='grc' dir='ltr'>καὶ</span> <span class='ocrx_word' id='word_1_266' title='bbox 479 2431 525 2474; x_wconf 80' lang='grc' dir='ltr'>ἐκ</span> <span class='ocrx_word' id='word_1_267' title='bbox 553 2435 733 2486; x_wconf 83' lang='grc' dir='ltr'><em>θηρίου,</em></span> <span class='ocrx_word' id='word_1_268' title='bbox 766 2433 813 2482; x_wconf 87' lang='grc' dir='ltr'>ὅς</span> <span class='ocrx_word' id='word_1_269' title='bbox 837 2447 940 2475; x_wconf 91' lang='grc' dir='ltr'><em>ποτε</em></span> <span class='ocrx_word' id='word_1_270' title='bbox 973 2434 1209 2487; x_wconf 80' lang='grc' dir='ltr'><em>ἄνθρωπος</em></span> <span class='ocrx_word' id='word_1_271' title='bbox 1240 2430 1310 2486; x_wconf 78' lang='grc' dir='ltr'><em>ἦν,</em></span> <span class='ocrx_word' id='word_1_272' title='bbox 1341 2432 1474 2473; x_wconf 80' lang='grc' dir='ltr'><em>πάλιν</em></span> <span class='ocrx_word' id='word_1_273' title='bbox 1502 2431 1543 2481; x_wconf 80' lang='grc' dir='ltr'>ἐς</span> <span class='ocrx_word' id='word_1_274' title='bbox 1567 2431 1744 2484; x_wconf 79' lang='grc' dir='ltr'><em>ἄνθρω-</em></span> 
     </span>
     <span class='ocr_line' id='line_1_32' title="bbox 177 2501 1744 2557; baseline -0.001 -14"><span class='ocrx_word' id='word_1_275' title='bbox 177 2515 278 2544; x_wconf 89' lang='grc' dir='ltr'><em>πον·</em></span> <span class='ocrx_word' id='word_1_276' title='bbox 320 2502 373 2543; x_wconf 92' lang='grc' dir='ltr'>οὐ</span> <span class='ocrx_word' id='word_1_277' title='bbox 405 2503 488 2556; x_wconf 85' lang='grc' dir='ltr'>γὰρ</span> <span class='ocrx_word' id='word_1_278' title='bbox 519 2503 545 2556; x_wconf 76' lang='grc' dir='ltr'>ἥ</span> <span class='ocrx_word' id='word_1_279' title='bbox 578 2519 625 2556; x_wconf 85' lang='grc' dir='ltr'>γε</span> <span class='ocrx_word' id='word_1_280' title='bbox 658 2505 821 2557; x_wconf 84' lang='grc' dir='ltr'><em>μήποτε</em></span> <span class='ocrx_word' id='word_1_281' title='bbox 857 2505 1013 2546; x_wconf 80' lang='grc' dir='ltr'><em>ἰδοῦσα</em></span> <span class='ocrx_word' id='word_1_282' title='bbox 1049 2505 1128 2557; x_wconf 83' lang='grc' dir='ltr'><em>τὴν</em></span> <span class='ocrx_word' id='word_1_283' title='bbox 1161 2503 1374 2556; x_wconf 83' lang='grc' dir='ltr'><em>ἀλήθειαν</em></span> <span class='ocrx_word' id='word_1_284' title='bbox 1414 2503 1474 2551; x_wconf 78' lang='grc' dir='ltr'>εἰς</span> <span class='ocrx_word' id='word_1_285' title='bbox 1513 2502 1612 2543; x_wconf 86' lang='grc' dir='ltr'><em>τόδε</em></span> <span class='ocrx_word' id='word_1_286' title='bbox 1653 2501 1744 2555; x_wconf 79' lang='grc' dir='ltr'><em>ἥξει</em></span> 
     </span>
     <span class='ocr_line' id='line_1_33' title="bbox 177 2571 1744 2628; baseline -0.001 -14"><span class='ocrx_word' id='word_1_287' title='bbox 177 2574 225 2615; x_wconf 91' lang='grc' dir='ltr'>τὸ</span> <span class='ocrx_word' id='word_1_288' title='bbox 265 2579 419 2627; x_wconf 85' lang='grc' dir='ltr'><em>σχῆμα.</em></span> <span class='ocrx_word' id='word_1_289' title='bbox 482 2574 553 2615; x_wconf 81' lang='grc' dir='ltr'>δεῖ</span> <span class='ocrx_word' id='word_1_290' title='bbox 587 2574 669 2627; x_wconf 83' lang='grc' dir='ltr'>γὰρ</span> <span class='ocrx_word' id='word_1_291' title='bbox 708 2575 949 2628; x_wconf 79' lang='grc' dir='ltr'><em>ἄνθρωπον</em></span> <span class='ocrx_word' id='word_1_292' title='bbox 988 2574 1182 2625; x_wconf 80' lang='grc' dir='ltr'><em>ξυνιέναι</em></span> <span class='ocrx_word' id='word_1_293' title='bbox 1222 2572 1313 2615; x_wconf 85' lang='grc' dir='ltr'><em>κατ’</em></span> <span class='ocrx_word' id='word_1_294' title='bbox 1352 2571 1470 2623; x_wconf 83' lang='grc' dir='ltr'><em>εἶδος</em></span> <span class='ocrx_word' id='word_1_295' title='bbox 1506 2573 1744 2626; x_wconf 80' lang='grc' dir='ltr'><em>λεγόμενον</em></span> 
     </span>
     <span class='ocr_line' id='line_1_34' title="bbox 179 2642 1742 2701; baseline -0.001 -16"><span class='ocrx_word' id='word_1_296' title='bbox 179 2642 225 2685; x_wconf 86' lang='grc' dir='ltr'>ἐκ</span> <span class='ocrx_word' id='word_1_297' title='bbox 251 2647 428 2686; x_wconf 81' lang='grc' dir='ltr'><em>πολλῶν</em></span> <span class='ocrx_word' id='word_1_298' title='bbox 456 2645 525 2686; x_wconf 89' lang='grc' dir='ltr'><em>ι’ὸν</em></span> <span class='ocrx_word' id='word_1_299' title='bbox 552 2646 804 2698; x_wconf 85' lang='grc' dir='ltr'><em>αἰσθήσεων</em></span> <span class='ocrx_word' id='word_1_300' title='bbox 831 2647 892 2694; x_wconf 88' lang='grc' dir='ltr'>είς</span> <span class='ocrx_word' id='word_1_301' title='bbox 917 2645 964 2686; x_wconf 76' lang='grc' dir='ltr'><em>ἓν</em></span> <span class='ocrx_word' id='word_1_302' title='bbox 992 2649 1185 2701; x_wconf 81' lang='grc' dir='ltr'><em>λογισμῷ</em></span> <span class='ocrx_word' id='word_1_303' title='bbox 1213 2645 1561 2699; x_wconf 83' lang='grc' dir='ltr'><em>ξυναιρούμενον</em></span> <span class='ocrx_word' id='word_1_304' title='bbox 1594 2646 1742 2684; x_wconf 84' lang='lat' dir='ltr'>totanc</span> 
     </span>
     <span class='ocr_line' id='line_1_35' title="bbox 177 2713 1743 2771; baseline -0.001 -15"><span class='ocrx_word' id='word_1_305' title='bbox 177 2713 430 2756; x_wconf 87' lang='lat' dir='ltr'>Alcmaeoni</span> <span class='ocrx_word' id='word_1_306' title='bbox 465 2715 696 2757; x_wconf 85' lang='lat' dir='ltr'>tribuenda</span> <span class='ocrx_word' id='word_1_307' title='bbox 728 2716 817 2757; x_wconf 89' lang='lat' dir='ltr'>sint</span> <span class='ocrx_word' id='word_1_308' title='bbox 850 2731 903 2757; x_wconf 89' lang='lat' dir='ltr'>an</span> <span class='ocrx_word' id='word_1_309' title='bbox 937 2717 1003 2757; x_wconf 88' lang='lat' dir='ltr'>vel</span> <span class='ocrx_word' id='word_1_310' title='bbox 1036 2716 1127 2771; x_wconf 89' lang='lat' dir='ltr'>ipse</span> <span class='ocrx_word' id='word_1_311' title='bbox 1162 2715 1287 2759; x_wconf 88' lang='lat' dir='ltr'>Plato</span> <span class='ocrx_word' id='word_1_312' title='bbox 1320 2715 1386 2757; x_wconf 88' lang='lat' dir='ltr'>vel</span> <span class='ocrx_word' id='word_1_313' title='bbox 1419 2715 1455 2756; x_wconf 91' lang='lat' dir='ltr'>is</span> <span class='ocrx_word' id='word_1_314' title='bbox 1489 2729 1616 2770; x_wconf 90' lang='lat' dir='ltr'>quem</span> <span class='ocrx_word' id='word_1_315' title='bbox 1650 2729 1743 2756; x_wconf 86' lang='lat' dir='ltr'>auc-</span> 
     </span>
    </p>
   </div>
   <div class='ocr_carea' id='block_1_3' title="bbox 302 2792 409 2795">
    <p class='ocr_par' dir='ltr' id='par_1_3' title="bbox 302 2792 409 2795">
     <span class='ocr_line' id='line_1_36' title="bbox 302 2792 409 2795; baseline 0 0"><span class='ocrx_word' id='word_1_316' title='bbox 302 2792 409 2795; x_wconf 95' lang='lat' dir='ltr'> </span> 
     </span>
    </p>
   </div>
   <div class='ocr_carea' id='block_1_4' title="bbox 176 2831 1742 3054">
    <p class='ocr_par' dir='ltr' id='par_1_4' title="bbox 176 2831 1742 3054">
     <span class='ocr_line' id='line_1_37' title="bbox 302 2831 1742 2876; baseline -0.001 -10"><span class='ocrx_word' id='word_1_317' title='bbox 302 2833 335 2876; x_wconf 94' lang='grc'>1)</span> <span class='ocrx_word' id='word_1_318' title='bbox 364 2831 510 2876; x_wconf 78' lang='lat' dir='ltr'>Fragm.</span> <span class='ocrx_word' id='word_1_319' title='bbox 532 2831 596 2865; x_wconf 91' lang='lat' dir='ltr'>XV</span> <span class='ocrx_word' id='word_1_320' title='bbox 624 2833 696 2866; x_wconf 88' lang='lat' dir='ltr'>huc</span> <span class='ocrx_word' id='word_1_321' title='bbox 717 2843 788 2866; x_wconf 89' lang='lat' dir='ltr'>non</span> <span class='ocrx_word' id='word_1_322' title='bbox 809 2832 982 2876; x_wconf 87' lang='lat' dir='ltr'>pertinet.</span> <span class='ocrx_word' id='word_1_323' title='bbox 1022 2831 1236 2867; x_wconf 81' lang='lat' dir='ltr'>Falsissime</span> <span class='ocrx_word' id='word_1_324' title='bbox 1258 2831 1439 2876; x_wconf 83' lang='lat' dir='ltr'>Bergkius</span> <span class='ocrx_word' id='word_1_325' title='bbox 1459 2831 1616 2876; x_wconf 84' lang='lat' dir='ltr'>(Griech.</span> <span class='ocrx_word' id='word_1_326' title='bbox 1637 2831 1742 2866; x_wconf 66' lang='lat' dir='ltr'>Lm.-</span> 
     </span>
     <span class='ocr_line' id='line_1_38' title="bbox 178 2890 1742 2938; baseline -0.001 -13"><span class='ocrx_word' id='word_1_327' title='bbox 178 2890 305 2925; x_wconf 68' lang='lat' dir='ltr'>Geech.</span> <span class='ocrx_word' id='word_1_328' title='bbox 328 2890 376 2924; x_wconf 91' lang='lat' dir='ltr'>IV</span> <span class='ocrx_word' id='word_1_329' title='bbox 398 2891 500 2934; x_wconf 81' lang='lat'>415):</span> <span class='ocrx_word' id='word_1_330' title='bbox 535 2890 616 2926; x_wconf 79' lang='lat' dir='ltr'>Das</span> <span class='ocrx_word' id='word_1_331' title='bbox 637 2892 932 2937; x_wconf 71' lang='lat' dir='ltr'>pytleayorcisclze</span> <span class='ocrx_word' id='word_1_332' title='bbox 958 2893 1097 2938; x_wconf 68' lang='lat' dir='ltr'>Sysiem</span> <span class='ocrx_word' id='word_1_333' title='bbox 1123 2892 1298 2927; x_wconf 80' lang='lat' dir='ltr'>rerdaukt</span> <span class='ocrx_word' id='word_1_334' title='bbox 1322 2892 1417 2926; x_wconf 72' lang='lat' dir='ltr'>scine</span> <span class='ocrx_word' id='word_1_335' title='bbox 1443 2890 1678 2935; x_wconf 70' lang='lat' dir='ltr'>Ausbilduny</span> <span class='ocrx_word' id='word_1_336' title='bbox 1704 2891 1742 2925; x_wconf 78' lang='lat' dir='ltr'>in</span> 
     </span>
     <span class='ocr_line' id='line_1_39' title="bbox 179 2949 1741 2996; baseline -0.001 -12"><span class='ocrx_word' id='word_1_337' title='bbox 179 2949 486 2984; x_wconf 76' lang='lat' dir='ltr'>mathemate&#39;scher</span> <span class='ocrx_word' id='word_1_338' title='bbox 519 2949 706 2995; x_wconf 71' lang='lat' dir='ltr'>Richeuny</span> <span class='ocrx_word' id='word_1_339' title='bbox 744 2951 949 2996; x_wconf 68' lang='lat' dir='ltr'>vorzic&#39;ylich</span> <span class='ocrx_word' id='word_1_340' title='bbox 987 2951 1063 2985; x_wconf 80' lang='lat' dir='ltr'>dem</span> <span class='ocrx_word' id='word_1_341' title='bbox 1096 2950 1287 2985; x_wconf 75' lang='lat' dir='ltr'>Philolaus</span> <span class='ocrx_word' id='word_1_342' title='bbox 1319 2950 1396 2985; x_wconf 69' lang='lat' dir='ltr'>und</span> <span class='ocrx_word' id='word_1_343' title='bbox 1427 2950 1646 2991; x_wconf 80' lang='lat' dir='ltr'>Alkmaeon;</span> <span class='ocrx_word' id='word_1_344' title='bbox 1685 2950 1741 2984; x_wconf 90' lang='lat' dir='ltr'>cui</span> 
     </span>
     <span class='ocr_line' id='line_1_40' title="bbox 176 3007 1741 3054; baseline -0.001 -12"><span class='ocrx_word' id='word_1_345' title='bbox 176 3007 358 3043; x_wconf 87' lang='lat' dir='ltr'>similiter</span> <span class='ocrx_word' id='word_1_346' title='bbox 384 3007 525 3044; x_wconf 82' lang='lat' dir='ltr'>iudicat</span> <span class='ocrx_word' id='word_1_347' title='bbox 550 3008 812 3053; x_wconf 79' lang='lat' dir='ltr'>Bemhardyus</span> <span class='ocrx_word' id='word_1_348' title='bbox 839 3009 998 3054; x_wconf 80' lang='lat' dir='ltr'>(Griech.</span> <span class='ocrx_word' id='word_1_349' title='bbox 1026 3009 1262 3045; x_wconf 76' lang='lat' dir='ltr'>Litt.-Gesch·.</span> <span class='ocrx_word' id='word_1_350' title='bbox 1291 3009 1305 3043; x_wconf 96' lang='grc' dir='ltr'><strong>Ι</strong></span> <span class='ocrx_word' id='word_1_351' title='bbox 1332 3013 1400 3045; x_wconf 85' lang='grc'>468</span> <span class='ocrx_word' id='word_1_352' title='bbox 1429 3009 1485 3044; x_wconf 91' lang='lat' dir='ltr'>ed.</span> <span class='ocrx_word' id='word_1_353' title='bbox 1508 3008 1741 3051; x_wconf 82' lang='lat' dir='ltr'>Volkmann).</span> 
     </span>
    </p>
   </div>
  </div>
 </body>
</html>
