2125 3439
967 285 1018 289 —
1086 261 1168 301 100
1231 283 1284 287 —-

348 370 539 421 doceant,
567 368 656 408 eius
684 370 829 407 tamen
854 367 1045 414 naturae,
1070 367 1120 405 ut
1145 379 1221 418 per
1247 363 1374 405 calidi
1400 364 1466 405 vel
1486 363 1634 419 frigidi
1659 365 1747 406 vim
1766 364 1908 406 multi-

349 438 476 480 farias
509 439 686 478 naturas
719 436 892 477 induere
919 435 1070 490 possit.
1121 434 1172 476 Ε.
1198 448 1259 490 gr.
1289 436 1439 476 auctor
1465 435 1515 476 de
1541 435 1822 477 hebdomadis
1853 435 1905 476 18

350 507 474 564 (VIII
502 506 606 560 642)
647 521 778 547 unum
817 506 862 546 in
895 519 1072 560 corpore
1109 505 1335 546 humorem
1373 505 1513 547 inesse
1555 508 1674 547 ratus
1711 520 1908 548 sucorum

349 578 559 620 tetradem
592 576 765 618 minime
793 575 959 630 spernit
989 575 1040 630 (c.
1068 576 1124 617 52
1146 596 1202 609 =
1228 573 1335 616 VHI
1363 576 1478 629 672).
1529 575 1622 617 Hos
1653 575 1912 630 impugnant

351 652 393 690 et
425 650 574 689 auctor
606 648 656 688 de
687 649 774 688 nat.
806 646 920 688 hom.
953 644 997 702 (l.
1032 644 1078 702 l.)
1117 650 1159 688 et
1190 643 1426 702 Polybus1)
1460 645 1591 700 (Men.
1624 646 1703 688 col.
1735 645 1836 686 XIX
1863 643 1911 701 5)

352 734 426 761 nec
453 734 536 760 non
564 717 690 759 Plato
718 715 847 773 (Tim.
875 718 930 759 82
950 716 1006 758 A:
1041 716 1188 770 ἐπειδὴ
1215 716 1320 770 γένη
1350 718 1531 758 πλείονα
1559 715 1655 766 ἑνὸς
1681 718 1785 758 ὄντα
1811 732 1911 769 τυγ-

355 785 508 846 χάνὲι).
571 788 654 837 Qui
687 790 897 843 quantum
929 787 1172 841 discrepent
1205 787 1257 828 ab
1292 787 1551 828 Alcmaeone
1583 786 1709 828 facile
1743 786 1848 828 visu.

471 859 666 914 Denique
694 861 795 900 sunt
823 858 895 912 qui
921 858 1157 912 plurimum
1183 857 1236 898 ab
1264 856 1525 898 Alcmaeone
1552 857 1797 898 recedentes
1831 856 1914 898 ἀπὸ

357 938 431 986 τῆς
464 934 594 986 χολῆς
625 931 786 978 νόσους
818 930 1022 982 γίνεσθαι
1054 927 1227 981 nolunt,
1257 927 1390 968 immo
1425 927 1507 968 ἀπὸ
1539 934 1626 968 τῶν
1658 929 1806 969 νόσων
1837 929 1916 982 τὴν

356 1004 502 1058 χολήν.
566 1000 636 1042 Sic
674 999 805 1041 Petro
846 998 1037 1053 (Menon.
1077 998 1154 1039 col.
1190 997 1272 1038 XX
1307 995 1369 1053 1),
1415 1012 1599 1051 quocum
1643 1001 1917 1052 comparatur

354 1071 574 1113 Philolaus
603 1070 674 1125 qui
702 1070 887 1111 coleram
915 1082 1006 1110 esse
1032 1070 1165 1123 negat
1190 1068 1276 1110 nisi
1304 1067 1498 1123 ἆχρείαν,
1525 1082 1654 1122 quam
1681 1069 1817 1122 ἰχῶρα
1842 1075 1918 1123 τῆς

355 1143 514 1197 σαρκὸς
535 1156 626 1183 esse
648 1140 880 1182 contendit.
928 1138 1007 1180 Oui
1027 1139 1151 1181 unice
1174 1142 1300 1193 aptus
1322 1142 1388 1180 est
1409 1138 1535 1180 Plato
1549 1137 1678 1195 (Tim.
1691 1138 1917 1194 82Esqq.)

355 1214 427 1268 qui
460 1216 503 1254 et
536 1212 698 1254 coleras
736 1214 779 1252 et
811 1210 1016 1265 pituitam
1047 1210 1285 1264 τηκεδόυας
1315 1216 1392 1264 τῆς
1425 1210 1586 1264 σαρκὸς
1617 1224 1708 1251 esse
1741 1210 1920 1264 exponit

356 1283 425 1338 (cf.
453 1282 823 1337 Thrasymachum
859 1280 1058 1322 Sardium
1091 1279 1261 1322 Menon.
1287 1280 1365 1322 col.
1399 1279 1460 1321 XI
1491 1279 1568 1336 42)
1602 1295 1757 1335 easque
1789 1279 1919 1323 παντὶ

364 1354 550 1409 χαλεπὰς
575 1359 653 1395 τοῦ
681 1353 877 1406 σώματος
903 1351 1009 1393 dicit
1035 1349 1161 1407 (Tim.
1184 1351 1238 1392 83
1258 1348 1328 1406 A).
1382 1349 1461 1392 Sed
1488 1350 1593 1392 haec
1619 1351 1838 1394 hactenus.
1862 1377 1918 1382 —

480 1423 625 1465 Unum
657 1425 812 1476 restat,
843 1425 893 1463 ut
926 1422 1074 1476 quanti
1109 1421 1440 1476 philosophi
1472 1420 1792 1475 posteriores
1824 1421 1920 1464 Alc-

362 1510 582 1537 maeonem
620 1493 803 1535 fecerint
841 1493 1077 1534 ostendam.
1141 1492 1284 1546 Atque
1320 1491 1708 1546 Empedoclem
1748 1492 1920 1546 quidem

360 1567 409 1608 de
437 1566 604 1608 aurium
632 1566 850 1606 structura
877 1562 893 1615 (
898 1577 994 1618 pag.
1013 1561 1090 1619 42)
1118 1562 1354 1617 simillima,
1379 1563 1429 1604 de
1457 1562 1679 1604 oculorum
1706 1561 1823 1619 (pag.
1842 1561 1921 1619 49)
1968 1617 1973 1622 „

358 1637 483 1691 plane
537 1636 684 1677 eadem
737 1649 844 1689 quae
895 1633 1204 1676 Alcmaeonem
1258 1633 1494 1688 protulisse
1545 1648 1675 1688 supra
1723 1634 1920 1676 vidimus.

359 1708 477 1749 Idem
509 1707 559 1748 de
593 1705 754 1748 semine
788 1705 1019 1746 mulierum
1053 1704 1168 1759 (pag.
1196 1702 1271 1760 63)
1305 1707 1348 1746 et
1379 1704 1430 1745 de
1462 1704 1654 1759 corporis
1685 1705 1922 1747 nutritione

360 1777 474 1833 (pag.
506 1775 582 1832 78)
615 1791 711 1819 cum
744 1775 1005 1817 Alcmaeone
1039 1775 1268 1818 consentit.
1332 1766 1647 1817 Gravissimum
1679 1778 1824 1817 autem
1856 1778 1923 1817 est

361 1849 474 1902 quod
506 1862 641 1902 nuper
673 1846 872 1888 Bidezius
907 1844 1080 1902 (Archiv
1108 1846 1139 1898 f.
1177 1845 1316 1888 Gesch.
1347 1846 1384 1888 cl.
1418 1845 1572 1887 Philos.
1603 1845 1678 1887 IX
1709 1846 1734 1887 2
1768 1844 1842 1900 [Ν.
1870 1846 1922 1888 F.

363 1919 421 1959 II
440 1916 486 1974 2]
514 1932 610 1973 pag.
640 1918 722 1959 192
745 1919 855 1972 sqq.)
882 1917 1131 1959 doctissime
1159 1916 1357 1971 exposuit
1384 1917 1433 1958 de
1461 1916 1692 1970 quaerendi
1718 1916 1922 1959 methodo

363 2004 410 2031 ac
446 1990 613 2030 ratione
645 1988 946 2043 Empedoclea.
1009 1985 1122 2028 Nam
1154 1987 1430 2041 Empedoclis
1470 1987 1698 2029 methodus
1737 1987 1921 2030 maxime

363 2060 568 2101 abhorret
607 2064 648 2100 et
681 2074 706 2100 a
736 2058 1001 2112 Xenophane
1035 2057 1234 2099 omnibus
1275 2058 1325 2099 de
1358 2058 1486 2099 rebus
1525 2057 1750 2100 dubitante
1789 2061 1832 2100 et
1869 2058 1923 2100 ab

363 2129 584 2171 Heraclito
624 2132 667 2170 et
701 2128 953 2170 Parmenide
986 2128 1247 2183 negantibus
1286 2128 1419 2169 ullam
1453 2142 1544 2169 esse
1578 2129 1801 2170 scientiam
1839 2129 1923 2170 nisi

361 2216 382 2241 e
411 2200 576 2241 ratione
605 2202 755 2240 ortam.
808 2199 913 2240 Esse
947 2199 1061 2240 enim
1087 2198 1317 2253 profitetur
1344 2198 1568 2240 hominum
1595 2212 1764 2253 quoque
1792 2199 1923 2241 scien-

362 2271 486 2319 tiam,
531 2270 828 2312 circumcisam
872 2270 993 2311 illam
1039 2269 1211 2323 quidem
1256 2272 1300 2310 et
1338 2269 1449 2310 vitae
1496 2268 1708 2310 brevitate
1747 2272 1790 2310 et
1827 2270 1923 2312 aliis

366 2341 488 2381 malis
521 2340 739 2394 humanis,
778 2339 882 2381 satis
922 2343 1067 2381 tamen
1101 2340 1289 2394 firmam,
1328 2340 1364 2381 si
1397 2340 1523 2381 modo
1555 2340 1700 2394 parvis
1734 2341 1924 2382 contenti

363 2411 548 2452 nolimus
593 2410 796 2452 hariolari
842 2411 934 2452 sola
976 2410 1078 2452 freti
1123 2410 1310 2464 ratione,
1354 2410 1484 2451 immo
1525 2410 1694 2466 singula
1733 2411 1925 2453 omnium

364 2496 565 2523 sensuum
594 2497 672 2536 ope
701 2481 1023 2524 accuratissime
1050 2481 1312 2536 investigare
1338 2496 1417 2522 nos
1442 2496 1529 2522 non
1554 2481 1722 2536 pudeat.
1787 2481 1925 2531 Quam

364 2553 477 2594 viam
512 2567 607 2594 cum
641 2567 732 2594 sese
767 2556 1014 2594 secuturum
1042 2567 1133 2594 esse
1167 2552 1326 2593 diserte
1360 2551 1488 2606 dicat,
1521 2552 1573 2593 ab
1602 2552 1749 2594 eadem
1781 2555 1926 2595 tamen

368 2624 459 2677 ipse
492 2624 741 2677 saepissime
774 2623 962 2675 decedat,
996 2623 1104 2664 alius
1138 2623 1359 2664 cuiusdam
1391 2622 1641 2677 philosophi
1668 2623 1925 2665 auctoritate

366 2694 529 2734 factum
565 2709 655 2735 esse
690 2694 874 2748 videtur,
912 2697 961 2734 ut
999 2694 1051 2734 ad
1083 2708 1177 2734 eam
1217 2694 1509 2735 adduceretur.
1570 2692 1661 2733 Iam
1700 2708 1797 2735 cum
1830 2693 1923 2736 Alc-

369 2765 558 2805 maeonis
587 2764 743 2805 scrinia
770 2778 866 2805 eum
895 2764 1149 2819 compilasse
1177 2767 1358 2818 constet,
1389 2766 1502 2805 recte
1530 2763 1714 2818 digitum
1741 2764 1927 2806 intendit

374 2834 570 2875 Bidezius
606 2835 647 2875 in
675 2835 862 2876 ciusdem
890 2835 1021 2876 verba
1046 2834 1335 2876 nobilissima:
1367 2832 1466 2889 περὶ
1497 2841 1585 2876 τῶν
1614 2833 1822 2888 ἀθηήτων
1854 2847 1927 2876 σα-

486 2987 519 3026 1)
546 2984 597 3019 Cf.
625 2995 707 3028 pag.
731 2988 774 3018 98
802 2986 925 3020 annot.
951 2990 978 3019 l.
