2125 3439
1006 246 1293 287 —22—

377 356 476 395 bata
508 352 635 395 sunt.'
685 351 833 406 Neque
868 351 1044 393 dubium
1077 352 1181 406 quin
1207 352 1321 392 recte
1343 347 1561 404 Ἀλκμέων
1594 353 1637 391 et
1663 351 1846 404 Αλκμοὲν
1874 366 1925 392 ex

371 423 593 477 Ἀλκμάων
620 427 716 464 orta
743 437 834 463 esse
861 423 987 475 dicat,
1014 436 1143 476 quam
1169 422 1307 476 ipsam
1335 421 1389 462 ob
1409 435 1498 462 rem
1525 435 1680 462 nomen
1702 419 1926 475 Ἀλκμάων

373 510 422 535 cx
456 493 696 547 antiquiore
730 493 913 546 quadam
940 492 1079 534 forma
1099 491 1344 547 Ἀλκμαίων
1369 494 1518 532 natum
1545 506 1636 533 esse
1671 506 1755 533 non
1781 494 1927 546 potest

371 579 446 618 per
472 563 588 618 leges
615 563 933 618 grammaticas.
986 563 1216 612 Quaeritur
1248 566 1393 604 tamen
1424 577 1526 603 num
1554 565 1723 616 praeter
1749 561 1926 617 vulgare

371 634 591 688 Ἀλκμάων
637 633 679 686 (i.
713 649 745 674 e.
774 631 1040 687 Ἀλκμάάῑων)
1086 634 1138 675 ab
1179 633 1326 674 eodem
1366 633 1494 674 verbo
1536 632 1758 687 primitivo
1797 631 1927 673 etiam

373 705 486 745 aliud
533 704 747 758 quoddam
785 718 939 745 nomen
986 704 1161 745 ductum
1201 718 1292 745 esse
1337 703 1476 757 possit
1513 703 1557 744 in
1596 705 1725 744 -αίων
1763 702 1927 744 cadens.

371 776 438 816 En
478 789 678 829 compara
723 789 829 829 quae
874 775 999 816 huius
1038 773 1312 816 formationis
1352 776 1525 814 exstant
1562 773 1738 815 nomina
1781 773 1826 814 in
1867 773 1928 813 in-

371 846 679 900 scriptionibus
708 846 833 899 (quae
861 845 977 886 solae
1003 845 1083 886 hac
1111 845 1154 885 in
1182 859 1225 885 re
1254 844 1334 885 fide
1361 844 1536 899 dignae)
1556 844 1703 899 eisque
1724 857 1927 899 magnam

370 920 536 971 partem
559 914 879 969 vetustiorem1j)
902 918 1087 956 aetatem
1109 914 1401 956 redolentibus
1429 929 1559 969 quam
1578 917 1627 955 ut
1650 928 1766 955 more
1787 917 1929 968 poste-

371 986 532 1028 riorum
566 1002 610 1027 αι
642 1001 720 1040 pro
753 1001 772 1027 ε
806 986 1017 1040 scriptum
1050 1000 1141 1026 esse
1174 985 1384 1038 suspicari
1416 983 1619 1040 possis²):

426 1067 690 1122 Ἀθηναίωνε
723 1066 820 1109 C.1.
843 1067 914 1109 Gr.
941 1068 1067 1121 3794,
1095 1068 1131 1109 3.
1159 1068 1197 1109 6.
1226 1067 1291 1108 15.
1351 1066 1434 1108 Tit.
1462 1065 1773 1109 Chalcedonius
1807 1065 1926 1108 ‘ante

653 1139 962 1193 imperatorum
997 1140 1183 1179 aetatem
1216 1137 1423 1192 scriptus'
1457 1137 1641 1179 Boeckh.

424 1218 694 1276 'Avwr'mv³):
739 1220 933 1262 Mionnet
971 1221 1211 1274 description
1254 1221 1320 1262 cles
1363 1221 1569 1262 me'daz'lles
1612 1221 1817 1274 Supple'm.
1863 1221 1923 1263 VI

650 1305 746 1347 pag.
792 1291 888 1333 586.
921 1290 1134 1332 Nummus
1166 1289 1360 1331 Rhodius
1392 1290 1623 1332 Caesarum
1657 1292 1925 1346 temporibus

652 1376 790 1403 cusus.

426 1432 653 1474 Ἀσκαι’ων;
687 1431 730 1473 C.
752 1432 784 1473 J.
807 1431 878 1472 Gr.
905 1433 1031 1474 4549.
1083 1431 1167 1473 Tit.
1194 1435 1388 1486 repertus
1416 1431 1613 1473 Phaenae
1645 1432 1689 1473 in
1723 1433 1926 1488 oppidulo

653 1502 932 1545 Palaestinae.
984 1502 1152 1544 Nomen
1178 1499 1512 1545 CEOYHPOC
1546 1502 1666 1544 tertii
1698 1506 1797 1558 post
1830 1502 1927 1545 Chr.

651 1577 738 1615 nat.
771 1574 929 1616 saeculi
961 1574 1133 1615 initium
1166 1573 1351 1615 indicare
1385 1573 1561 1615 videtur.

431 1659 697 1711 Ez'pryvac'cov:
734 1656 929 1698 Mionnet
955 1657 979 1698 l.
1002 1657 1027 1698 l.
1054 1671 1150 1712 pag.
1178 1658 1273 1699 399.
1324 1656 1540 1698 Nummus
1568 1656 1699 1699 Chius
1727 1658 1927 1715 Augusto

654 1728 891 1782 imperante
923 1728 990 1769 vel
1023 1728 1239 1782 prioribus
1273 1727 1540 1782 temporibus
1573 1742 1709 1770 cusus.

430 1811 622 1851 Εὐαίωνῑ
655 1810 788 1851 l’aton
821 1810 903 1851 and
936 1809 1072 1851 Hicks
1106 1811 1376 1863 Inscriptions
1407 1811 1458 1862 of
1481 1811 1556 1853 Cos
1591 1811 1686 1852 115.

511 1917 567 1922 —-
653 1892 696 1933 O.
714 1892 744 1934 Ι.
764 1892 833 1933 Gr.
864 1892 992 1947 2655,
1018 1893 1083 1933 26.
1117 1893 1190 1934 27:
1229 1893 1311 1934 Tit.
1350 1892 1697 1936 Halicarnassius
1735 1894 1928 1949 Neptuni

713 1963 955 2003 sacerdotes
989 1977 1254 2004 enumerans.

515 2070 565 2073 —-
656 2045 698 2085 G.
722 2045 751 2085 l.
773 2043 843 2085 Gr.
877 2045 989 2086 8077
1026 2042 1096 2099 (cf.
1124 2045 1333 2087 Archaeol.
1368 2047 1455 2099 Zty.
1495 2046 1680 2101 XXVII,
1708 2045 1801 2103 82):
1842 2048 1928 2089 Vas

713 2115 849 2170 nigris
882 2115 1032 2170 figuris
1066 2118 1277 2157 ornatum.

433 2185 625 2227 Ez'yar‘cov:
655 2186 698 2227 U.
720 2185 751 2226 I.
775 2185 846 2227 Gr.
876 2187 1007 2227 7537:
1042 2185 1130 2227 Vas
1165 2186 1306 2227 rubris
1340 2186 1490 2242 figuris
1524 2191 1735 2229 ornatum.

515 2293 566 2296 —
656 2269 698 2310 O.
720 2267 752 2309 I.
775 2267 846 2309 Gr.
881 2269 1011 2310 7815:
1044 2268 1094 2309 In
1126 2268 1278 2323 hydria
1307 2269 1430 2311 Vulc.
1462 2270 1614 2325 figuris
1647 2270 1768 2312 flavis
1801 2271 1929 2326 picta.

424 2349 634 2403 ‘Hpoct‘cow
657 2350 701 2392 C.
723 2350 753 2392 l.
776 2350 847 2391 Gr.
873 2352 988 2392 4802
1022 2350 1171 2407 (Theb.
1197 2350 1416 2408 Aegypt).

494 2506 527 2545 1)
555 2501 717 2536 Blassius
743 2502 987 2547 (Ausspraclw
1012 2503 1046 2538 d.
1071 2502 1231 2538 Griech.³
1257 2515 1338 2548 pag.
1364 2507 1407 2537 62
1423 2505 1517 2548 sqq.)
1545 2504 1655 2539 etiam
1680 2504 1930 2541 Herodianum

373 2561 543 2595 habuime
577 2562 690 2604 negat
722 2572 786 2594 cur
811 2572 855 2595 nc
886 2575 925 2595 αι
961 2565 995 2595 et
1024 2574 1038 2595 ε
1067 2561 1211 2596 litteras
1245 2561 1513 2598 confunderent
1545 2563 1718 2607 aequales
1751 2566 1930 2599 moneret.

374 2619 412 2653 lu
449 2618 750 2662 inscriptionibus
779 2618 912 2653 Atticis
945 2633 983 2653 αι
1017 2621 1052 2653 et
1086 2633 1101 2654 ε
1135 2619 1220 2655 inde
1254 2621 1300 2655 ab
1333 2633 1428 2656 anno
1459 2626 1523 2656 150
1549 2634 1583 2666 p.
1611 2622 1694 2657 Chr.
1722 2634 1755 2657 n.
1782 2622 1930 2668 saepius

373 2676 578 2721 promiscue
594 2676 801 2712 scribuntur
816 2677 1076 2722 (Meisterhans
1095 2680 1323 2715 Grammatik
1343 2682 1376 2715 d.
1393 2681 1567 2716 attischen
1583 2681 1745 2717 Inschr.³
1758 2692 1843 2726 pag.
1859 2685 1930 2726 27).

492 2737 525 2779 2)
554 2735 790 2771 Removenda
817 2740 902 2771 sunt
928 2738 962 2771 in
991 2737 1123 2781 quibus
1150 2751 1190 2772 αι
1216 2738 1360 2783 syllaba
1385 2738 1500 2784 ipsius
1527 2738 1627 2774 vocis
1653 2750 1738 2785 pars
1763 2743 1821 2775 est
1847 2741 1888 2775 ut

427 2796 544 2827 Fm'mv
573 2795 606 2827 in
635 2794 748 2839 eylice
776 2796 871 2830 flava
898 2795 1129 2831 nobilissima,
1154 2797 1200 2831 ab
1227 2797 1366 2841 Ergino
1393 2801 1429 2833 et
1457 2798 1705 2843 Aristophane
1732 2799 1845 2844 picta.

424 2854 613 2886 Παλαίωνε
643 2854 699 2888 tit.
722 2853 922 2899 Delphicus
949 2854 1094 2900 (Collitz
1126 2859 1238 2899 1877).

493 2915 526 2951 3)
556 2912 657 2945 Addo
687 2913 912 2957 Stephanum
949 2915 1028 2958 ¹352·
1063 2927 1090 2949 s.
1118 2927 1148 2949 v.
1174 2913 1457 2955 Ἀνταιούπολιςε
1490 2916 1631 2961 λέγεται
1666 2917 1727 2951 καὶ
1758 2915 1928 2954 Ἀνταίων

374 2971 420 3010 ὡς
444 2968 624 3004 Ἀκταίων.
