2125 3439
411 327 587 381 origine,
619 327 679 366 ita
704 340 807 366 num
835 326 925 380 ipse
952 324 1264 379 excogitaverit
1296 324 1410 365 haud
1437 323 1526 366 scio
1553 338 1607 364 an
1634 325 1729 378 quis
1755 325 1965 367 incertum

410 398 546 438 ducat.
608 396 667 437 Et
701 410 801 437 sane
834 395 1057 450 profligari
1089 409 1156 436 res
1193 395 1355 449 nequit.
1419 393 1501 436 Sed
1540 408 1636 436 cum
1674 397 1718 436 et
1757 399 1966 450 quantum

407 467 655 508 harmoniae
678 466 910 507 tribuerint
930 465 1197 520 Pythagorei
1219 469 1399 520 constet,
1423 468 1467 507 et
1487 465 1803 508 contrariorum
1824 465 1969 506 multi-

408 538 599 578 tudinem
637 538 850 587 infinjtam
889 537 1026 579 eidem
1064 537 1194 592 primi
1233 540 1442 592 quantum
1483 535 1686 592 seimus1)
1730 535 1968 591 posuerint,

408 622 587 662 cumque
619 609 686 650 his
713 608 820 662 ipsis
848 608 975 650 rebus
1008 611 1103 650 tota
1130 608 1205 649 illa
1231 609 1428 650 doctrina
1460 611 1606 663 aperte
1631 607 1809 662 nitatur,
1842 621 1968 648 suum

407 679 450 719 in
481 679 689 721 honorem
721 679 1029 721 Alcmaeonem
1062 679 1375 721 restituendum
1409 694 1501 720 esse
1534 678 1784 720 censuerim.
1845 676 1967 726 Quod

407 750 443 790 si
475 764 634 804 verum,
667 765 754 791 non
780 750 1059 806 gravabimur
1084 753 1251 805 patrem
1280 750 1514 791 medicinae
1542 763 1720 805 graecae
1746 748 1970 789 Alcmaeo-

406 835 502 862 nem
547 821 786 875 nominare,
830 824 982 875 utpote
1028 836 1052 861 a
1097 835 1180 874 quo
1225 834 1311 861 non
1358 834 1557 861 sucorum
1603 819 1730 861 modo
1773 818 1970 860 doctrina
2023 849 2029 853 .

407 892 589 946 petenda
621 891 697 944 sit,
737 906 863 945 quam
898 891 1027 946 longe
1058 889 1236 945 plurimi
1267 890 1532 931 medicorum
1570 890 1696 931 aliter
1728 889 1802 931 alii
1834 889 1971 930 secuti

408 966 526 1016 sunt,
559 962 631 1003 sed
664 962 794 1003 etiam
828 976 985 1016 aequae
1019 964 1356 1015 temperaturae,
1390 975 1518 1014 quam
1553 974 1718 1014 omnes3
1755 974 1854 1001 nam
1887 963 1970 1001 εἴτε

407 1031 450 1082 ἐξ
485 1034 628 1086 ὄγκων
661 1031 732 1074 καὶ
764 1035 934 1085 πόρων,
967 1033 1024 1081 ὡς
1051 1029 1368 1086 Ἀσκληπιάδης
1399 1029 1612 1085 ὑπέθετο,
1644 1031 1695 1072 τὰ
1728 1037 1815 1072 τῶν
1850 1027 1972 1086 ζςόων

410 1104 632 1156 σύγκειται
673 1105 869 1157 σώματα,
909 1105 1149 1157 συμμετρία
1187 1103 1356 1144 τούτων
1390 1100 1508 1143 ἐστὶν
1545 1101 1571 1155 ἡ
1603 1101 1763 1155 ὑγίεια·
1802 1105 1888 1143 εἴτε
1927 1099 1970 1150 ἐξ

407 1174 600 1228 ἀτόμων,
639 1174 697 1222 ὡς
723 1172 1001 1228 Ἐπίκουρος,
1039 1178 1124 1215 εἴτε
1163 1173 1205 1223 ἐξ
1245 1173 1540 1228 ὁμοιομερῶν,
1578 1173 1637 1223 ὡς
1663 1170 1972 1226 Ἀναξαγόρας,

409 1249 493 1286 εἴτε
522 1244 567 1285 ἐκ
592 1248 765 1298 θερμοῦ
797 1243 868 1286 καὶ
895 1251 1069 1300 ψυχροῦ
1095 1243 1166 1285 καὶ
1194 1244 1329 1298 ξηροῦ
1361 1242 1432 1285 καὶ
1458 1243 1614 1298 ὑγροῦ,
1646 1243 1844 1297 καθάπερ
1877 1242 1900 1283 ὅ
1927 1257 1971 1284 τε

410 1317 665 1369 Χρύσιππος
709 1315 876 1366 δοξάζει
927 1314 997 1356 καὶ
1042 1315 1200 1364 πάντες
1244 1315 1289 1356 οἱ
1330 1313 1522 1357 Στωικοὶ
1571 1313 1643 1356 καὶ
1692 1315 1776 1367 πρὸ
1827 1313 1972 1355 αὐτῶν

405 1385 703 1439 Ἀριστοτέλης
734 1385 804 1427 καὶ
840 1388 1120 1441 Θεόφραστος
1157 1385 1227 1427 καὶ
1260 1386 1344 1439 πρὸ
1377 1387 1546 1428 τούτων
1584 1387 1646 1427 ἔτι
1679 1385 1869 1427 Πλάτων
1901 1382 1972 1426 καὶ

402 1455 700 1511 Ἱπποκράτης,
726 1456 752 1510 ἡ
772 1464 860 1497 τῶν
885 1459 1112 1512 στοιχείων
1139 1458 1246 1498 κατὰ
1271 1457 1412 1498 πάντα
1432 1459 1673 1511 συμμετρία
1700 1457 1779 1510 τὴν
1799 1455 1972 1508 ὑγίειαν

408 1526 629 1581 ἐργάζεται
663 1526 870 1582 (Galenus
903 1527 947 1568 in
980 1528 1090 1569 l'lat.
1123 1531 1166 1569 et
1198 1528 1327 1582 Hipp.
1356 1527 1464 1582 plac.
1489 1527 1588 1581 426,
1617 1527 1669 1568 12
1702 1524 1883 1582 Miiller).

996 1665 1172 1708 Fragm.
1204 1663 1374 1699 XXIII.

527 1750 760 1793 Clemens
781 1752 919 1793 Alex.
936 1750 1116 1794 Strom.
1134 1752 1195 1793 VI
1211 1754 1248 1806 2,
1269 1750 1420 1808 160ss
1438 1752 1520 1794 106
1541 1750 1733 1807 Klotz):
1763 1785 1771 1792 .
1793 1785 1800 1792 .
1823 1786 1830 1792 .
1851 1749 1972 1793 Ἀλκ-

408 1825 598 1877 μαίωνος
630 1830 707 1865 τοῦ
734 1823 1048 1877 Κροτωνιάτου
1081 1822 1303 1877 λέγοντος·
1337 1823 1500 1878 ἐχθρὸν
1530 1823 1671 1877 ἄνδρα
1698 1822 1808 1878 ῥᾷον
1834 1821 1972 1876 φυλά-

409 1892 568 1942 ξασθαι
601 1892 626 1946 ἢ
659 1896 803 1948 φίλον.
837 1919 893 1923 -

527 1964 606 2006 ‘De
640 1964 793 2006 ethicis
829 1964 1014 2019 quoque'
1047 1963 1340 2020 (Philippsoni
1367 1964 1510 2006 verbis
1538 1962 1658 2020 utor)
1690 1963 1843 2005 ‘multa
1875 1977 1971 2004 eum

409 2035 592 2076 edixisse
625 2038 754 2089 atque
788 2035 832 2076 in
861 2035 1049 2077 Stobaeo
1083 2051 1210 2077 unam
1243 2035 1311 2076 vel
1343 2035 1525 2076 alteram
1558 2035 1647 2076 eius
1681 2035 1730 2076 de
1758 2049 1802 2076 re
1830 2034 1970 2075 ethica

410 2106 668 2148 sententiam
694 2107 850 2147 latere’
883 2107 1138 2161 persuadere
1167 2107 1273 2148 mihi
1300 2121 1385 2148 non
1412 2121 1600 2161 possum,
1635 2120 1731 2148 cum
1759 2104 1972 2158 Laertius,

410 2178 482 2232 qui
516 2177 670 2232 quibus
704 2178 753 2218 de
786 2178 914 2219 rebus
948 2177 1154 2219 Alcmaeo
1194 2176 1416 2232 scripserit
1454 2178 1643 2232 optimos
1683 2179 1879 2218 auctores
1911 2190 1972 2217 se-

412 2251 535 2289 cutus
575 2252 773 2290 accurate
806 2249 981 2303 exponit
1013 2246 1083 2304 (τά
1115 2248 1295 2290 πλεῖστά
1327 2246 1365 2301 γ’
1399 2249 1568 2301 ἰατρικὰ
1602 2247 1737 2300 λέγει,
1777 2247 1892 2300 ὅμως
1924 2243 1972 2287 δὲ

410 2317 482 2360 καὶ
514 2323 773 2373 φυσιολογεῖ
807 2317 981 2375 ἐνίοτε),
1014 2320 1063 2360 de
1096 2334 1140 2360 re
1173 2319 1316 2360 ethica
1348 2334 1524 2373 prorsus
1552 2321 1705 2359 taceat.
1769 2315 1830 2359 Cf.
1864 2331 1971 2371 quae

410 2390 458 2430 de
482 2390 747 2444 Epicharmo
775 2390 885 2431 idem
909 2389 1035 2445 (VIII
1059 2390 1150 2446 78):
1177 2387 1305 2440 οὗτος
1331 2390 1622 2444 ὑπομνήματα
1648 2388 1973 2442 καταλέλοιπεν,

411 2459 458 2500 ἐν
492 2454 557 2509 οἷς
588 2464 860 2515 φυσιολογεῖ,
892 2464 1180 2515 γνωμολογεῖ,
1213 2462 1470 2514 ἰατρολογεῖ.

529 2530 760 2579 Quaeritur
801 2534 965 2585 tamen,
1015 2535 1161 2573 utrum
1205 2546 1289 2572 una
1333 2531 1522 2572 alterave
1567 2531 1782 2573 sententia
1831 2531 1972 2573 ethica

412 2602 538 2642 rebus
572 2603 746 2644 medicis
779 2603 924 2644 nescio
959 2617 1042 2657 quo
1075 2606 1204 2657 pacto
1238 2617 1412 2657 aspersa
1444 2617 1535 2644 esse
1568 2602 1770 2656 potuerit.
1821 2600 1971 2656 Neque

531 2720 564 2760 1)
591 2718 685 2753 Nam
707 2718 804 2763 quod
826 2718 1041 2764 Simplicius
1063 2719 1113 2763 (in
1135 2720 1239 2764 phys.
1263 2723 1342 2763 150,
1358 2723 1400 2753 22
1423 2719 1540 2763 Diels)
1561 2715 1717 2758 ἐνούσας
1736 2717 1818 2762 γάρ,
1841 2717 1970 2762 inquit,

412 2776 476 2816 τὰς
497 2774 757 2821 ἐναντιότητας
779 2775 817 2812 ἐν
838 2781 886 2825 τῷ
908 2777 1152 2825 ὑποκειμένῳ,
1173 2779 1313 2825 ἀπείρῳ
1335 2777 1413 2812 ὄντι
1429 2779 1578 2823 σώματι,
1600 2774 1972 2822 ἕκκριίἐσθαίφησιν

410 2834 703 2879 Ἀναξίμανὸρος,
724 2842 866 2880 πρῶτος
886 2837 996 2877 αὐτὸς
1016 2837 1134 2882 ἀρχὴν
1156 2836 1342 2881 ὀνομάσας
1361 2837 1401 2871 τὸ
1425 2838 1677 2881 ὑποκείμενον.
1719 2833 1973 2880 ἐναντιότητες

414 2892 455 2927 (ἳὲ
477 2893 568 2928 εἰσιν
594 2896 736 2939 θερμὸν
762 2897 906 2940 ψυχρὸν
934 2897 1046 2940 ξηρὸν
1073 2897 1186 2941 ὑγρὸν
1213 2896 1288 2930 καὶ
1314 2896 1364 2930 τὰ
1390 2896 1517 2940 ἄλλα,
1542 2897 1673 2930 ultima
1699 2896 1812 2930 verba
1833 2906 1855 2929 a
1874 2907 1972 2930 com·

416 2955 619 2987 mentatore
646 2953 732 2987 addi
762 2959 858 2989 recto
885 2955 1048 2989 Zellerus
1077 2957 1201 2990 monet
1228 2955 1282 2998 &1⁵
1305 2959 1385 2997 220,
1409 2957 1451 2997 1).
