2125 3439
1045 245 1336 288 ..76-

411 359 546 411 putat.
611 354 694 396 Sed
727 368 835 408 quae
868 353 917 394 de
951 351 1115 394 morbis
1149 354 1278 406 atque
1311 337 1363 393 de'
1391 350 1570 392 humani
1598 349 1790 405 corporis
1816 353 1973 393 natura

413 428 618 468 Alcmaeo
645 425 753 466 dixit
775 423 833 480 (v.
854 423 1008 479 fragm.
1028 421 1170 478 XXII)
1189 422 1355 466 faciunt
1379 424 1429 464 ut
1453 436 1802 477 unamquamque
1827 422 1974 477 potius

411 512 500 539 rem
533 496 750 539 contraria
781 495 895 536 inter
927 509 971 536 se
1004 494 1221 549 permixta
1252 493 1456 548 amplecti
1489 507 1751 535 censeamus.
1825 484 1828 486 v

531 567 614 610 Sed
654 566 850 621 quamvis
888 565 1038 608 multis
1077 564 1409 607 difficultatibus
1452 565 1523 606 hic
1560 565 1681 606 locus
1723 564 1974 607 obstructus

412 639 483 693 sit,
515 638 597 680 hoc
623 637 898 693 perspicuum
925 639 1002 691 est,
1034 637 1087 678 ab
1121 636 1194 691 eis,
1227 636 1299 691 qui
1332 635 1533 678 binorum
1558 635 1875 678 contrariorum
1906 636 1973 678 de-

410 710 556 751 cadem
596 708 836 763 docuerint,
875 707 1206 764 diligentissime
1245 707 1370 748 illum
1409 707 1462 749 ab
1501 705 1739 748 Aristotele
1779 706 1975 761 discerni,

413 779 534 822 cuius
563 780 694 821 verba
719 779 834 822 clara
861 781 962 821 sunt
994 781 1037 820 et
1065 793 1172 833 quae
1199 778 1429 834 diligentes
1461 777 1600 832 magis
1627 777 1812 819 lectores
1845 792 1975 832 quam

410 852 560 893 doctos
605 851 864 906 interpretes
906 850 1139 905 requirant.
1201 849 1354 904 Itaque
1397 864 1493 891 cum
1531 847 1704 889 Rittero
1744 844 1904 902 (Gesch.
1936 849 1974 890 d.

410 921 564 963 Philos.
594 922 689 976 125,
712 920 769 977 1),
800 920 1083 975 Philippsono
1110 917 1155 975 (l.
1176 919 1203 960 l.
1233 917 1349 975 185),
1375 917 1540 960 Zellero
1569 915 1635 973 (Ι5
1661 917 1758 971 355,
1782 915 1826 973 1)
1852 917 1974 960 valde

409 992 560 1046 miror,
600 993 712 1046 quod
751 1007 838 1033 non
877 991 1017 1033 solum
1050 988 1326 1046 Krugium¹)‚
1365 990 1439 1031 sed
1477 989 1609 1030 etiam
1641 987 1974 1045 chaignetum2)

409 1065 452 1104 et
483 1061 731 1119 Buhlium3)
769 1077 847 1105 nec
885 1077 973 1104 non
1011 1059 1288 1117 Hegelium4)
1327 1060 1499 1102 invenio
1537 1063 1764 1102 narrantes
1802 1072 1976 1104 συστοι-

412 1136 508 1188 χίας
540 1136 760 1175 auctorem
792 1134 845 1174 ab
879 1132 1118 1174 Aristotele
1151 1146 1248 1173 eum
1281 1132 1376 1173 dici.

531 1204 692 1246 Verum
713 1219 802 1246 non
820 1204 946 1246 modo
972 1203 1087 1244 inter
1108 1217 1180 1245 eos
1201 1203 1274 1258 qui
1294 1203 1466 1245 infinita
1487 1218 1579 1245 esse
1599 1217 1742 1245 rerum
1763 1203 1977 1260 principia

410 1275 639 1317 voluerunt
680 1275 964 1329 philosophos
1003 1289 1235 1329 nusquam,
1276 1277 1485 1329 quantum
1523 1274 1665 1329 video,
1697 1274 1974 1317 Alcmaeonis

409 1347 460 1387 fit
492 1346 674 1402 mentio,
712 1346 786 1387 sed
824 1346 955 1387 etiam
992 1345 1120 1387 huius
1159 1345 1373 1387 enuntiati
1410 1345 1552 1387 forma
1589 1346 1731 1388 minus
1770 1346 1976 1390 distincta

409 1420 538 1472 atque
583 1419 784 1459 accurata
823 1415 953 1472 est5),
998 1431 1126 1472 quam
1171 1419 1220 1458 ut
1262 1417 1373 1459 hanc
1418 1416 1468 1457 dc
1506 1416 1793 1458 humanarum
1831 1433 1975 1460 rerum

410 1488 637 1529 contrariis
663 1488 905 1530 doctrinam
931 1488 1070 1530 fusius
1098 1502 1195 1529 eum
1216 1490 1428 1529 tractasse
1454 1487 1599 1542 putari
1625 1487 1776 1542 possit.
1820 1487 1974 1544 Itaque

409 1562 499 1600 tam
543 1558 675 1601 debili
712 1560 757 1601 in
793 1559 1074 1601 fundamento
1112 1557 1436 1614 philosophiam
1483 1559 1696 1612 quandam
1741 1558 1792 1600 de
1831 1574 1975 1601 rerum

409 1630 574 1685 origine
608 1645 705 1672 eum
737 1631 933 1685 posuisse
966 1629 1226 1686 negaverim.

531 1702 592 1742 At
618 1716 693 1743 cur
718 1702 892 1743 tandem
919 1701 1251 1743 contrarietates
1280 1700 1454 1743 omnino
1481 1715 1579 1750 eum
1604 1701 1805 1757 tetigisse
1835 1717 1977 1745 cense-

409 1772 582 1814 bimus?
624 1772 723 1814 Non
758 1773 854 1827 alia,
886 1772 993 1814 mihi
1027 1773 1161 1827 crede,
1193 1772 1243 1814 de
1277 1770 1462 1827 causass),
1493 1772 1578 1814 nisi
1608 1775 1658 1814 ut
1687 1772 1770 1815 hac
1801 1788 1853 1815 ex
1885 1789 1977 1816 sen-

407 1843 545 1884 tentia
576 1843 706 1885 latius
739 1846 914 1899 patente
945 1843 1207 1898 peculiarem
1246 1858 1376 1898 quam
1420 1844 1470 1885 de
1502 1844 1666 1885 morbis
1700 1845 1977 1901 corporisque

409 1914 588 1955 humani
607 1917 763 1956 natura
782 1915 1032 1969 prolaturus
1054 1917 1146 1956 erat
1166 1915 1408 1956 doctrinam
1429 1918 1615 1971 cogeret,
1650 1915 1788 1965 Quam
1809 1916 1863 1958 ob
1884 1931 1975 1958 rem

410 1984 514 2026 haec
534 1985 664 2026 verba
685 1986 807 2040 quasi
829 2000 849 2027 e
870 1985 1090 2040 prooemio
1113 1985 1414 2040 subsequentis
1435 1985 1668 2042 fragmenti
1688 1986 1863 2042 dempta
1882 2001 1975 2030 esse

411 2055 517 2096 mihi
549 2056 760 2098 videntur.

1018 2147 1192 2191 Fragm.
1225 2146 1370 2182 XXII.

529 2222 712 2264 Aetius
738 2222 870 2265 Plac.
897 2223 937 2264 V
960 2224 1026 2278 30,
1050 2226 1069 2265 1
1102 2223 1229 2280 (Dox.
1254 2224 1340 2265 44⁶2
1369 2238 1393 2264 a
1420 2222 1484 2278 3):
1511 2221 1757 2278 Ἀλκμαίων
1789 2230 1864 2279 τῆς
1894 2223 1976 2280 μὲν

410 2293 560 2345 ὑγείας
599 2290 711 2335 εἶναι
751 2295 1009 2349 συνεκτικὴν
1048 2295 1128 2349 τὴν
1162 2296 1393 2349 ἰσονομίαν
1424 2302 1513 2337 τῶν
1546 2295 1799 2350 δυνάμεων,
1836 2295 1978 2352 ὑγροῦ

530 2401 562 2443 1)
590 2400 711 2434 Gesch.
733 2400 768 2435 d.
789 2399 923 2435 Philos.
950 2411 1037 2444 pag.
1062 2404 1139 2434 111.

528 2462 561 2500 53)
589 2458 794 2504 Pythayore
820 2458 851 2492 11
873 2462 916 2494 50
931 2471 984 2503 sq.

530 2520 563 2561 3)
590 2517 781 2553 Lehrbzcch
806 2519 840 2553 (l.
865 2517 987 2554 Geseh.
1010 2519 1042 2554 d.
1068 2518 1204 2553 Philos.
1232 2518 1247 2551 I
1268 2523 1346 2553 247.

528 2577 563 2621 4)
589 2575 672 2611 Ges,
696 2577 831 2612 Werke
858 2577 944 2612 XIII
964 2581 1043 2612 325.

533 2638 567 2679 5)
599 2635 658 2670 Τὰ
684 2636 824 2671 πολλὰ
849 2642 922 2672 τῶν
949 2637 1213 2682 ἀνθρωπίνων.
1265 2637 1316 2673 Cf.
1343 2637 1553 2674 Aristotelis
1584 2637 1679 2673 illud
1704 2637 1770 2679 τὰς
1795 2638 1977 2683 τυχούσας

414 2706 479 2729 1100
506 2707 580 2729 11011
607 2694 827 2740 ἀπέρριψεν.
879 2696 991 2732 Porro
1025 2696 1196 2732 attendas
1227 2708 1302 2742 qua
1326 2697 1541 2733 confusione
1573 2697 1865 2742 permisceantur
1890 2709 1974 2733 con-

413 2753 528 2788 traria
567 2756 605 2788 et
642 2766 661 2789 e
699 2755 866 2791 sensibus
905 2758 943 2790 et
980 2767 998 2791 e
1036 2756 1179 2791 ratione
1217 2756 1348 2801 petita,
1387 2767 1470 2792 cum
1501 2757 1720 2792 Aristoteles
1750 2757 1874 2802 (Phys.
1902 2758 1974 2800 A5,

415 2824 496 2856 pag.
522 2814 618 2847 188b
639 2815 699 2858 30)
725 2825 787 2848 eos
814 2815 876 2858 qui
902 2815 1090 2850 contraria
1115 2815 1299 2860 principia
1324 2827 1403 2851 esse
1429 2815 1547 2851 velint
1577 2815 1787 2861 distinguat
1811 2818 1861 2863 τῷ
1890 2816 1976 2857 τοὺς

413 2869 480 2915 μὲν
507 2873 765 2916 γνωριμώτερα
793 2873 888 2907 κατὰ
914 2874 977 2909 τὸν
1004 2873 1125 2919 λόγον,
1150 2875 1235 2914 τοὺς
1261 2873 1301 2909 δὲ
1323 2874 1419 2910 κατὰ
1441 2874 1508 2920 τὴν
1529 2875 1709 2919 αἴσθησιν
1729 2873 1974 2920 (λαμβάνειν).

534 2933 568 2973 6)
596 2930 636 2964 Id
665 2933 761 2974 quod
786 2932 1018 2967 Brundisium
1046 2944 1192 2977 quoque
1218 2945 1434 2978 persuasum
1463 2933 1636 2970 habuisse
1662 2932 1808 2979 gaudeo
1833 2933 1976 2978 (Gesch.

414 2991 447 3025 cl.
470 2990 730 3034 Entzcickluny
755 2992 789 3026 (I.
809 2993 938 3035 arioch.
963 2993 1099 3027 Plzilos.
1122 2991 1136 3025 Ι
1160 2994 1252 3036 190).
