2125 3439
820 304 867 307 -—
937 278 1013 319 101

193 386 380 439 φηνείην
413 382 492 438 μὲν
523 383 622 426 θεοὶ
655 386 824 439 ἔχουσι,
863 384 920 433 ὡς
952 381 998 425 δὲ
1032 384 1283 439 ἀνθρώποις
1322 387 1631 438 τεκμαίρεσθαι
1664 388 1752 426 κτλ.

191 454 339 510 Ipsum
383 458 527 497 autem
567 455 872 496 Alcmaeonem
915 454 1191 509 Xenophanis
1235 455 1448 509 scrupulis
1498 470 1545 496 ac
1587 455 1752 496 dubita-

191 525 382 567 tionibus
421 525 531 567 hanc
569 525 620 566 ad
654 525 899 579 opinionem
941 525 1171 566 adductum
1211 540 1302 566 esse
1342 525 1410 566 vix
1450 526 1752 579 concesserim3

141 652 145 655 Ι
190 611 290 638 nam
322 599 366 637 et
397 595 630 650 fragmenti
663 594 766 635 XIV
794 594 850 635 M.
884 593 974 650 (καὶ
1013 596 1060 636 τὸ
1099 593 1178 649 μὲν
1219 592 1300 638 οὖν
1334 593 1467 650 σαφὲς
1499 595 1607 651 κτλ.)
1642 595 1751 637 ratio

194 667 280 708 alia
318 669 385 708 est
429 665 500 721 (cf.
538 679 635 720 pag.
669 664 744 721 36)
790 667 833 706 et
878 665 1067 707 medicae
1112 667 1218 707 artis
1264 670 1442 707 naturae
1488 667 1661 721 propria
1705 681 1754 708 ac

191 737 312 792 quasi
344 737 493 778 innata
525 750 617 777 esse
655 736 730 777 illa
762 736 976 777 sententia
1009 736 1193 788 videtur3
1235 737 1392 778 rectius
1433 737 1567 792 igitur
1607 739 1753 778 monet

191 806 388 849 Bidezius
427 807 477 849 de
514 806 612 848 libri
659 807 709 848 de
749 807 889 861 prisca
931 807 1141 848 medicina
1181 808 1252 861 (ἐξ
1289 809 1322 848 1.
1356 806 1430 862 20)
1472 808 1753 849 similitudine

191 876 262 934 (cf.
289 892 384 934 pag.
412 877 499 934 39).

308 949 401 991 Iam
434 949 771 1004 Anaxagoras
806 963 956 990 sensus
989 948 1119 990 simili
1151 949 1277 991 modo
1311 954 1368 1005 τῷ
1401 949 1459 1002 μὴ
1492 948 1629 1005 ὁμοίῳ
1662 949 1753 989 fieri

192 1020 334 1074 docet,
373 1034 458 1074 qua
495 1020 544 1060 de
584 1034 628 1060 re
662 1019 905 1061 accuratius
950 1019 1132 1060 vidimus
1171 1033 1268 1075 pag.
1303 1021 1371 1061 54.
1434 1019 1567 1060 Porro
1606 1019 1755 1060 bestiis

191 1090 408 1145 homines,
453 1090 608 1146 quibus
653 1090 790 1131 maior
834 1090 992 1131 mentis
1037 1089 1141 1145 (τοῦ
1184 1088 1292 1146 νοῦ)
1339 1090 1402 1131 vis
1449 1104 1650 1131 concessa
1690 1093 1756 1131 est

191 1159 349 1217 (Zeller
381 1159 426 1202 I5
457 1162 554 1203 991.
593 1159 740 1217 1010),
779 1164 998 1215 praestare
1038 1161 1163 1203 docet
1202 1163 1350 1216 μνήμῃ
1391 1160 1588 1216 ἐμπειρίᾳ
1627 1159 1754 1216 τέχνῃ

192 1230 382 1288 σοφίαι)
444 1231 536 1272 Iam
570 1245 666 1272 Cum
700 1231 787 1272 sint
819 1230 1070 1273 Aristotelis
1103 1231 1298 1272 nonnulli
1332 1231 1432 1285 loci,
1469 1231 1624 1285 quibus
1658 1231 1752 1272 doc·

191 1302 308 1343 trina
332 1302 408 1343 illa
428 1301 765 1343 Alcmaeoniana
793 1316 814 1343 e
836 1301 1028 1343 Platonis
1050 1301 1278 1343 Phaedone
1298 1305 1403 1343 nota
1426 1305 1572 1356 aperte
1599 1305 1754 1344 retrac-

126 1426 129 1429 .
192 1371 362 1428 tenu-2),
394 1372 457 1413 ita
491 1375 636 1413 tamen
669 1374 718 1413 ut
751 1372 824 1413 ubi
851 1372 977 1414 Plato
1011 1373 1077 1414 vel
1104 1372 1309 1414 Alcmaeo
1344 1372 1477 1422 δόξαν
1511 1377 1756 1428 posuerant,

191 1442 252 1485 ibi
281 1443 540 1485 Aristoteles
568 1442 795 1497 ἐμπειρίαν
823 1442 894 1498 (cf.
924 1442 1262 1498 Anaxagoram),
1295 1443 1368 1484 ubi
1401 1443 1465 1484 illi
1499 1442 1756 1498 ἐπιστήμην,

191 1514 252 1556 ibi
289 1514 359 1556 hic
391 1511 548 1568 τέχνην
585 1512 658 1555 καὶ
696 1513 936 1568 ἐπιστήμην
975 1512 1047 1565 (cf.
1074 1512 1402 1569 Anaxagoram)
1434 1513 1611 1569 diceret,
1650 1514 1755 1556 veri-

193 1585 412 1627 simillime
458 1585 594 1626 conici
639 1587 804 1639 potest,
854 1584 986 1626 etiam
1030 1584 1335 1640 Anaxagoram
1387 1585 1605 1627 decretum
1648 1585 1755 1627 illud

191 1655 575 1698 Alcmaeonianum
613 1655 856 1710 professum
897 1653 1046 1711 esse.3)
1086 1680 1140 1684 —
1180 1655 1437 1697 Manifestus
1476 1656 1519 1697 in
1558 1657 1755 1711 embryo-

191 1726 345 1782 logicis
396 1740 643 1768 consensus.
708 1725 863 1768 Semen
913 1726 1043 1767 etiam
1094 1726 1277 1767 feminas
1329 1726 1524 1768 emittere
1575 1730 1754 1782 uterque

191 1798 342 1852 credit3
386 1797 436 1839 de
475 1797 594 1851 pullo
637 1797 738 1851 quid
781 1798 1000 1851 putaverit
1039 1797 1320 1852 Anaxagoras
1366 1797 1524 1840 (locent
1563 1797 1753 1839 Crameri

192 1868 400 1910 anecdota
437 1867 635 1909 Parisina
673 1867 736 1908 IV
777 1868 880 1922 274,
921 1868 992 1909 14:
1034 1866 1324 1921 Ἀναξαγόρας
1368 1867 1414 1909 ἐν
1453 1875 1544 1918 τοῖς
1582 1869 1757 1922 ἠθικοῖς

193 1939 338 1994 [scrib.
364 1938 584 1993 φυσικοῖς]
618 1937 753 1980 αὐτοῦ
785 1938 984 1990 ὀρνίθων
1016 1939 1126 1992 γάλα
1166 1939 1213 1979 τὸ
1246 1937 1293 1980 ἐν
1325 1946 1416 1988 τοῖς
1454 1938 1557 1988 ὠοῖς
1597 1941 1755 1981 λευκὸν

193 2007 311 2052 εἶναι’
332 2020 459 2065 φησι;
494 2009 605 2051 idem
627 2009 874 2051 Athenaeus
901 2009 939 2050 11
964 2009 1017 2051 57
1041 2008 1091 2050 D.
1136 2008 1333 2063 Denique
1360 2009 1404 2050 in
1430 2009 1548 2051 foetu
1576 2010 1754 2051 oriundo

192 2084 236 2122 et
260 2081 352 2135 ipse
379 2080 601 2122 cerebrum
628 2080 815 2134 primum
841 2080 1018 2122 formari
1046 2083 1189 2122 censet
1217 2078 1412 2134 (Censor.
1438 2080 1475 2122 d.
1497 2081 1534 2121 d.
1555 2096 1594 2123 n.
1613 2080 1672 2122 Vl
1698 2080 1754 2136 1),

196 2151 353 2206 quippe
386 2151 431 2192 in
464 2152 576 2206 quod
610 2165 756 2193 omnes
789 2151 995 2192 finiantur
1027 2165 1190 2192 sensus.

315 2304 346 2346 1)
374 2302 470 2337 Plut.
492 2302 526 2338 d.
547 2302 628 2337 fort.
653 2313 682 2336 c.
705 2307 724 2337 3
746 2314 830 2347 pag.
852 2305 896 2337 98
917 2301 960 2336 F:
995 2331 1001 2336 .
1019 2331 1025 2337 .
1043 2330 1049 2336 .
1067 2299 1107 2337 ἐν
1134 2307 1226 2336 πᾶσι
1253 2301 1395 2342 τούτοις
1423 2300 1657 2347 ἀτυχέστεροι
1683 2309 1754 2337 τῶν

194 2361 341 2405 θηρίων
369 2358 494 2405 ἐσμέν,
529 2358 700 2410 ἐμπειρίᾳ
727 2359 766 2396 δὲ
794 2361 856 2396 καὶ
883 2361 1007 2406 μνήμῃ
1034 2360 1098 2395 καὶ
1125 2361 1240 2408 σοφίᾳ
1267 2361 1331 2395 καὶ
1357 2359 1466 2406 τέχνῃ
1493 2361 1588 2395 κατὰ
1611 2359 1754 2404 Ἀναξα-

191 2418 308 2464 γόραν
341 2425 444 2465 σφῶν
477 2418 584 2467 (ἔργῳ
617 2419 800 2464 Sauppius
826 2421 1077 2466 Ausyewc'ihlte
1109 2420 1292 2462 Schriften
1324 2430 1407 2463 pag.
1440 2424 1522 2463 780;
1557 2423 1640 2462 fort.
1669 2417 1754 2467 ἐρίῳ

194 2477 454 2522 Bernardakis)
480 2475 513 2512 τ’
538 2478 660 2512 αὐτῶν
687 2479 865 2523 χρώμεθα
891 2478 955 2513 καὶ
983 2480 1174 2525 βλίττομεν
1201 2478 1263 2512 καὶ
1291 2477 1495 2523 ἀμέλγομεν
1522 2481 1595 2513 κτλ.

311 2538 347 2581 2)
373 2536 479 2572 Anal.
507 2540 601 2582 post.
630 2537 662 2571 11
691 2541 744 2580 19,
771 2541 838 2572 100
865 2549 887 2573 a
914 2542 952 2581 3;
979 2538 1065 2572 Met.
1098 2538 1130 2571 A
1165 2541 1194 2581 1,
1223 2542 1291 2572 980
1318 2549 1339 2572 a
1366 2541 1408 2572 27
1436 2537 1520 2573 coll.
1544 2538 1566 2572 b
1593 2541 1649 2573 27.
1701 2538 1755 2573 Cf.

193 2597 228 2631 h.
251 2595 337 2632 diss.
359 2607 443 2641 pag.
465 2600 522 2639 40,
545 2600 574 2630 1.

313 2656 349 2700 3)
376 2655 463 2690 Fuit
489 2667 570 2690 cum
597 2656 765 2700 putarem
794 2655 1004 2690 Phaedonis
1032 2656 1137 2690 illum
1165 2656 1287 2690 locum
1315 2656 1361 2690 ab
1383 2656 1604 2700 Anaxagora
1630 2656 1754 2700 potius

191 2715 272 2760 ipso
304 2713 457 2758 petiisse
490 2714 682 2759 originem.
733 2713 828 2749 Nam
869 2713 1123 2749 Clazomenius
1163 2725 1308 2758 quoque
1342 2714 1502 2749 mentem
1536 2715 1573 2748 in
1605 2715 1754 2750 cerebro

192 2773 298 2818 ponit
328 2784 443 2817 eoque
477 2784 603 2808 sensus
637 2773 732 2808 finiri
767 2772 875 2808 docet
907 2774 1001 2808 teste
1028 2773 1244 2817 Censorino,
1279 2775 1390 2818 atque
1423 2773 1563 2818 optime
1595 2773 1755 2817 quadrat

194 2831 373 2877 παρέχειν
399 2831 492 2866 illud
518 2832 752 2867 Platonicum
780 2832 838 2876 (cf.
866 2844 950 2877 pag.
971 2835 1042 2876 40),
1069 2832 1245 2877 quoniam
1271 2833 1317 2867 ad
1345 2844 1470 2868 sensus
1497 2832 1754 2877 percipiendos

193 2902 266 2925 non
299 2891 631 2934 sensoriis‘modo,
670 2902 794 2926 verum
836 2891 950 2926 ctiam
981 2892 1105 2926 mente
1145 2903 1210 2926 nos
1250 2902 1358 2936 egere
1392 2902 1605 2936 persuasum
1642 2891 1755 2926 habet

198 2949 304 2994 (Dox.
334 2953 413 2991 510,
438 2954 496 2991 103
524 2954 604 2993 507,
632 2953 700 2994 20).
754 2952 802 2985 At
828 2951 926 2985 recte
958 2951 1083 2985 monet
1110 2950 1393 2985 Kalbfleischius
1427 2949 1479 2985 eis
1511 2950 1756 2995 philosophis,

194 3008 241 3043 de
267 3008 400 3052 quibus
427 3008 551 3053 agitur
577 3021 611 3054 p.
633 3012 677 3043 96
694 3010 731 3053 B,
758 3010 894 3054 opponi
916 3010 1039 3055 potius
1059 3009 1318 3054 Anaxagoram
1347 3020 1369 3043 a
1388 3009 1544 3044 Platone
1572 3011 1620 3054 (p.
1643 3012 1685 3043 97
1701 3009 1753 3053 C).
