2125 3439
1040 210 1331 250 -46-

419 323 586 361 tantum
613 318 767 359 nutriri
790 316 1030 368 credidisse,
1056 315 1109 356 ad
1131 315 1433 356 Alcmaeonem
1460 314 1681 355 referenda
1701 329 1792 356 esse
1820 329 1967 368 quam-

411 391 473 430 vis
519 389 765 429 dubitanter
810 386 1037 442 significat.
1101 383 1185 426 Sed
1228 399 1295 426 res
1340 385 1465 439 plane
1509 384 1684 426 incerta.
1748 384 1964 427 Odoribus

409 462 550 500 autem
585 460 793 511 quantum
826 455 991 510 antiqui
1031 455 1262 496 tribuerint
1300 455 1495 496 alimenti
1527 455 1682 497 docent
1712 454 1963 497 Athenaeus

410 543 500 583 pag.
529 530 585 568 46
606 527 641 568 E
659 527 692 567 F
722 525 791 581 (ef.
821 527 903 568 687
926 524 996 581 D),
1023 525 1230 580 Hippoer.
1256 525 1306 567 de
1336 525 1451 567 alim.
1477 527 1502 577 ξ
1523 526 1580 567 50
1607 524 1688 581 (IX
1718 526 1813 579 119,
1835 527 1857 567 7
1885 524 1966 582 In),

407 598 605 640 Menonia
644 597 721 639 col.
753 596 961 638 XXXVII
994 597 1049 639 32
1095 595 1219 652 (eum
1257 600 1362 638 nota
1399 595 1616 652 Dielesii).
1680 597 1965 651 Aliquantum

407 670 539 710 distat
560 668 903 709 Ps.-Aristotelis
931 666 1101 723 (mirab.
1123 668 1303 709 auscult.
1325 667 1364 722 9,
1389 681 1486 723 pag.
1508 667 1589 709 831
1617 682 1642 709 a
1671 666 1744 723 19)
1770 667 1964 708 narratio

406 740 526 780 haee:
560 739 608 780 αἱ
631 738 678 780 ἐν
705 740 990 794 Κεφαλληνίᾳ
1015 735 1134 792 αἶγες
1160 739 1213 780 οὐ
1238 740 1446 780 πίνουσιν
1461 735 1527 794 (ἔ),
1553 739 1611 788 ὡς
1636 739 1792 790 ἔοικεν,
1819 738 1964 792 ὥσπερ

406 811 455 851 τὰ
488 811 597 850 ἄλλα
628 809 886 863 τετράποδα,
917 807 1018 850 καθ’
1051 808 1216 863 ἡμέραν
1244 806 1292 849 δὲ
1323 810 1432 863 πρὸς
1462 810 1511 850 τὸ
1536 808 1723 862 πέλαγος
1754 807 1881 850 ἀντία
1913 809 1965 850 τὰ

405 882 615 934 πρόσωπα
646 882 881 934 ποιήσασαι
907 879 1145 934 χάσκουσιν
1172 880 1473 934 είσδεχόμεναι
1499 879 1550 919 τὰ
1576 879 1820 933 πνεύματα;
1854 894 1963 933 quae

406 951 552 992 eadem
580 966 628 991 ex
660 950 889 991 Alexandri
916 949 1082 1004 Myndii
1114 949 1302 991 ineuntis
1335 949 1464 1003 primi
1497 952 1598 990 ante
1625 949 1848 992 Christum
1877 964 1964 991 sae-

405 1022 487 1062 culi
521 1021 673 1062 medici
713 1036 760 1063 ac
792 1020 1040 1075 philosophi
1079 1020 1203 1061 libris
1244 1035 1336 1061 sese
1374 1019 1570 1061 hausisse
1605 1020 1808 1062 Aelianus
1844 1019 1963 1076 (hist.

405 1093 530 1133 anim.
560 1092 593 1133 V
623 1093 697 1147 273
729 1091 778 1133 ef.
806 1089 868 1132 III
895 1090 970 1147 32)
1002 1090 1242 1145 profitetur.

1037 1228 1212 1272 Fragm.
1248 1227 1324 1262 VI.

524 1315 774 1370 Theophr.
805 1316 876 1358 1.].
905 1317 961 1358 25
987 1316 1113 1371 (Dox.
1141 1317 1239 1370 506,
1266 1313 1359 1371 26):
1393 1316 1561 1371 γλώττῃ
1594 1314 1642 1358 δὲ
1670 1319 1773 1367 τοὺς
1798 1320 1965 1373 χυμοὺς

403 1390 590 1442 κρίνειν·
630 1388 813 1442 χλιαρὰν
845 1389 928 1442 γὰρ
959 1384 1097 1429 οὖσαν
1129 1386 1199 1429 καὶ
1233 1388 1431 1441 μαλακὴν
1463 1390 1609 1441 τήκειν
1635 1393 1685 1442 τῇ
1711 1390 1965 1442 θερμότητι,

405 1457 610 1512 δέχεσθαι
644 1456 691 1499 δὲ
723 1457 795 1500 καὶ
828 1459 1077 1500 διαδιδόναι
1117 1459 1190 1499 διὰ
1221 1459 1301 1512 τὴν
1333 1460 1553 1512 μανότητα
1588 1465 1664 1512 τῆς
1695 1458 1965 1514 ἁπαλότητος

403 1528 642 1583 (μανότητα
673 1545 743 1571 και
777 1528 1024 1583 ἁπαλότητα
1057 1529 1350 1570 verisimilitel
1383 1530 1490 1571 coni.
1518 1528 1816 1586 Wimmerus).

519 1599 647 1641 Plut.
679 1600 818 1654 Epit.
850 1600 911 1640 IV
944 1602 994 1641 18
1029 1598 1156 1656 (Dox.
1182 1601 1265 1642 407
1302 1615 1326 1641 a
1355 1599 1446 1656 125:
1476 1598 1718 1654 Ἀλκμαίων
1749 1606 1809 1657 τῷ
1841 1601 1963 1658 ὑγρῷ

399 1669 470 1711 καὶ
502 1677 560 1727 τῷ
593 1674 755 1727 χλιαρῷ
795 1677 854 1727 τῷ
895 1671 943 1712 ἐν
974 1677 1024 1726 τῆ
1057 1673 1225 1727 γλώττῃ
1262 1672 1371 1725 πρὸς
1409 1677 1458 1726 τῆ
1497 1672 1760 1726 μαλακότητι
1797 1672 1963 1726 διακρί-

400 1745 558 1782 νεσθαι
590 1743 693 1791 τοὺς
724 1743 900 1797 χυμούς.
932 1767 990 1772 ——

518 1812 712 1854 Primum
750 1814 922 1868 linguae
963 1814 1181 1855 caliditate
1221 1813 1416 1855 ciborum
1456 1814 1546 1855 suci
1592 1814 1831 1867 diluuntur3
1876 1814 1963 1856 iam

403 1883 563 1925 crebris
597 1884 770 1938 linguae
803 1885 921 1938 poris
963 1884 1032 1940 (τῇ
1066 1886 1329 1939 μαλακότητι
1363 1885 1427 1926 vel
1461 1887 1671 1939 μανότητι
1704 1884 1771 1926 vel
1802 1883 1963 1926 ἁπαλό-

402 1953 513 2009 τητι)
553 1955 673 2009 quasi
707 1954 934 2012 spongial)
967 1956 1239 2010 excipiuntur
1278 1959 1319 1997 et
1353 1956 1405 1997 ad
1439 1957 1661 1998 cerebrum
1700 1971 1835 2011 usque
1871 1971 1962 2011 per-

402 2026 624 2066 ducuntur.

1026 2105 1200 2149 Fragm.
1234 2105 1334 2140 vn.

521 2191 773 2246 Theophr.
800 2193 825 2234 l.
847 2193 872 2233 1.
900 2193 954 2234 26
983 2191 1041 2248 (D
1053 2207 1124 2234 ox,
1151 2194 1249 2248 506,
1270 2192 1363 2249 28):
1391 2193 1651 2248 ὀφθαλμοὺς
1677 2191 1725 2236 δὲ
1752 2195 1861 2250 ὁρᾶν
1889 2196 1962 2238 διὰ

401 2268 480 2303 τοῦ
511 2261 633 2316 πέριξ
665 2263 844 2313 ὕδατος·
877 2263 943 2305 ὅτι
976 2261 1014 2304 δ’
1049 2265 1135 2319 ἔχει
1166 2271 1253 2319 πῦρ
1287 2265 1425 2318 δῆλον
1449 2260 1581 2305 εἶναι·
1613 2265 1853 2319 πληγέντος
1879 2267 1961 2322 γὰρ

403 2330 648 2386 ἐκλάμπειν.
699 2333 807 2385 ὁρᾶν
840 2331 887 2375 δὲ
920 2341 978 2391 τῷ
1011 2337 1233 2389 στίλβοντι
1265 2333 1337 2376 καὶ
1369 2342 1427 2392 τῷ
1456 2336 1676 2390 διαφανεῖ,
1708 2336 1812 2379 ὅταν
1845 2336 1963 2380 ἀντι-

401 2405 552 2458 φαίνῃ,
584 2402 655 2445 καὶ
688 2404 776 2461 ὅσῳ
810 2403 865 2446 ἂν
897 2405 1209 2459 καθαρώτερον
1241 2400 1284 2461 ᾗ,
1315 2408 1496 2460 μᾶλλον.

521 2474 656 2516 Stob.
687 2475 791 2517 Eel.
819 2475 966 2530 Phys.
992 2475 1012 2516 I
1038 2478 1093 2517 52
1127 2474 1266 2532 (Dox.
1292 2477 1379 2518 404
1407 2477 1432 2518 b
1460 2476 1554 2533 23):
1582 2475 1823 2533 Ἀλκμαίων
1854 2480 1961 2522 κατὰ

403 2545 480 2596 τὴν
513 2552 590 2586 τοῦ
623 2547 866 2600 διαφανοῦς
897 2546 1131 2600 ἀντίληψιν
1163 2545 1274 2603 (scil.
1306 2548 1386 2602 τὴν
1418 2548 1572 2602 ὅρασιν
1604 2548 1868 2606 γίγνεσθαι).

544 2626 806 2673 ἀντίληψιν]
834 2627 1061 2672 ἀντίλαμψιν
1091 2628 1183 2662 ‘non
1209 2629 1431 2673 necessario,
1463 2631 1503 2664 at
1527 2629 1605 2664 veri
1631 2630 1822 2665 similitet’
1851 2630 1962 2666 corri—

450 2685 607 2725 gendum
642 2687 750 2730 putat
781 2686 963 2721 Dielesius
995 2686 1121 2731 (proll.
1149 2689 1239 2731 223)
1279 2688 1414 2722 collato
1449 2687 1695 2734 Theophrasti
1734 2690 1960 2734 ἀντιφαίνει.

452 2748 565 2784 Quem
594 2745 758 2788 sequitur
777 2744 990 2790 Tanneryus
1017 2748 1066 2790 (p.
1088 2746 1201 2781 l'hist.
1224 2746 1258 2781 d.
1279 2747 1301 2781 l.
1325 2747 1468 2782 scienee
1494 2747 1579 2783 hell.
1601 2759 1684 2794 pag.
1705 2750 1807 2793 204):
1833 2749 1868 2783 Ia
1895 2760 1962 2784 vae

450 2815 470 2834 a
494 2803 560 2836 lieu
588 2815 657 2846 par
679 2804 707 2837 Ie
729 2807 947 2848 contre-eff&
973 2806 1020 2840 du
1043 2806 1235 2850 diophane.
1276 2806 1456 2850 Equidem
1477 2807 1513 2841 in
1535 2807 1735 2852 ἀντίληψιν
1754 2808 1958 2851 acquiesco.

526 2947 556 2981 1)
582 2946 635 2977 ct:
659 2944 860 2988 Diogenem
883 2947 1159 2990 Apolloniatum
1181 2948 1357 2992 καθάπερ
1379 2949 1452 2983 ἀπὸ
1474 2955 1652 2994 σπογγιᾶς
1671 2949 1762 2985 Dox.
1783 2953 1850 2984 407
1867 2953 1958 2985 2120.
