2125 3439
990 182 1278 222 —14—

502 293 660 332 tiorum
688 290 920 330 maximum
949 291 992 327 et
1024 300 1216 327 summae
1243 285 1514 327 auctoritatis
1545 287 1588 325 et
1614 284 1912 339 amplitudinis

499 361 764 402 sacerdotem
790 358 922 398 fuisse
950 357 1105 397 docent
1136 370 1185 397 ea
1217 370 1324 410 quae
1352 354 1610 396 Plutarchus
1644 353 1715 410 (de
1741 354 1843 396 Isid.
1870 358 1914 396 et

501 431 571 472 Os.
600 429 675 485 28)
708 430 757 469 de
792 427 1009 481 Serapidis
1043 427 1154 480 apud
1188 426 1429 482 Aegyptios
1461 425 1736 467 institutione
1769 428 1916 466 narrat

499 500 566 555 (oc
586 498 683 552 περὶ
715 500 935 552 Τιμόθεον
966 498 1043 539 τὸν
1077 495 1288 551 ἐξηγητὴν
1321 496 1381 551 [h.
1402 512 1435 537 e.
1463 495 1703 538 antistitem
1732 510 1915 538 ceremo-

499 571 667 611 niarum
689 567 1027 622 Eleusiniarum]
1047 566 1118 608 καὶ
1139 565 1428 623 Μανεθῶνα).
1475 566 1585 609 Utut
1612 581 1677 608 res
1706 581 1749 608 se
1772 566 1917 621 habet,

499 642 586 681 sive
614 643 660 680 tu
682 654 782 680 vera
801 639 969 679 tradere
991 636 1238 692 Syneellum
1265 638 1353 679 sive
1375 640 1451 678 aut
1470 637 1610 692 ipsum
1638 641 1712 678 aut
1735 638 1915 678 Alexan-

502 712 623 752 ‹lrum
654 710 764 750 male
792 709 1100 763 interpretatos
1127 723 1218 750 esse
1245 708 1396 749 Berosi
1424 709 1554 749 verba
1579 708 1811 762 putaveris,
1835 707 1917 748 hoc

504 781 668 822 tenebis
704 779 891 834 Syncelli
930 778 1139 832 γενέσθαι
1177 779 1257 832 τὴν
1289 778 1462 831 ἡλικίαν
1494 793 1586 819 esse
1623 778 1648 819 i.
1677 793 1714 832 q.
1749 778 1917 818 vixisse.

501 851 560 893 Cf.
592 851 714 905 Sync.
742 849 811 902 25,
832 851 857 890 3
885 849 946 890 ed.
968 848 1121 890 Bonn.:
1155 850 1394 903 Βήρωσσος
1420 848 1442 889 ὁ
1468 854 1542 901 τῆς
1571 849 1817 901 Χαλδαϊκῆς
1843 846 1917 901 ἀρ-

501 923 750 976 χαιολογίας
782 921 1062 974 συγγραφεὺς
1093 919 1286 973 ἀκμάσας
1317 920 1424 960 κατὰ
1456 920 1558 967 τοὺς
1590 920 1777 972 χρόνους
1805 915 1918 958 Ἀλε-

500 993 690 1046 ξάνδρου
722 997 802 1032 τοῦ
834 991 1110 1043 ΛΜακεδόνος,
1143 990 1200 1038 ὥς
1232 1002 1339 1043 φησι
1372 993 1458 1031 κτλ.

389 1076 456 1117 21.
503 1075 724 1129 Syncellus
769 1087 866 1129 pag.
900 1073 955 1115 32
998 1073 1059 1114 ed.
1093 1072 1248 1114 Bonn.:
1293 1074 1493 1114 Μανεθῶ
1532 1072 1637 1126 μετὰ
1676 1071 1920 1125 Βηρωσσὸν

501 1147 737 1199 γενόμενος
768 1142 837 1185 ἐπὶ
870 1146 1148 1198 Πτολεμαίου
1180 1149 1259 1185 τοῦ
1294 1142 1593 1197 Φιλαδέλφου.

391 1228 460 1269 22.
505 1228 657 1268 Suidas
696 1242 727 1268 s.
759 1242 797 1268 v.
835 1229 1056 1281 Χοίριλοςε
1097 1224 1305 1280 γενέσθαι
1346 1223 1394 1267 δὲ
1425 1226 1532 1267 κατὰ
1565 1224 1799 1266 Πανύασιν
1831 1230 1922 1272 τοῖς

503 1302 688 1353 χρόνοις.

394 1382 462 1423 23.
508 1381 615 1421 lbid.
643 1396 673 1422 s.
700 1395 738 1420 v.
766 1379 889 1421 Θέων
921 1381 1174 1434 Γυμνασίου
1208 1380 1443 1428 Σιδώνιοςε
1477 1379 1711 1432 γενόμενος
1742 1376 1810 1435 ἐπὶ
1843 1385 1922 1419 τοῦ

507 1450 719 1505 βασιλέως
751 1453 1092 1492 Κωνσταντίνου
1110 1449 1294 1510 ’(Βοὶιιίθ
1327 1450 1352 1491 l.
1380 1450 1407 1491 l.
1435 1450 1532 1503 219,
1555 1448 1612 1503 l).

394 1534 460 1575 24.
507 1533 613 1588 [Leo
641 1533 971 1589 grammaticus]
999 1533 1224 1588 chronogr.
1251 1533 1320 1587 48,
1344 1534 1398 1574 14
1425 1532 1484 1573 ed.
1512 1531 1666 1573 Bonn.:
1692 1531 1798 1572 κατὰ
1824 1531 1942 1572 τού-.

506 1621 607 1654 τους
632 1607 818 1660 χρόνους
844 1603 952 1660 (scil.
984 1604 1235 1645 Artaxerxis
1265 1601 1541 1659 Longimani)
1570 1602 1807 1656 Σωκράτης
1833 1601 1923 1654 ἐγέ-

506 1673 659 1730 verost)

395 1747 462 1786 25.
509 1744 721 1800 Georgius
749 1744 965 1787 Cedrenus
999 1745 1224 1799 chronogr.
1255 1744 1272 1784 I
1307 1744 1386 1785 148
1414 1744 1476 1785 ed.
1503 1743 1658 1784 Bonn.:
1691 1743 1797 1784 κατὰ
1826 1742 1923 1784 τού-

508 1831 610 1864 τους
640 1817 742 1865 τοὺς
773 1816 960 1870 χρόνους
997 1813 1070 1856 καὶ
1101 1815 1323 1869 Μαρσύαν
1354 1815 1602 1868 φιλόσοφον
1641 1813 1818 1868 λέγουσι
1858 1828 1924 1866 γε·

515 1886 685 1927 νέσθαι.

398 1970 465 2010 26.
511 1970 654 2010 Genus
675 1969 896 2023 Apollonii
923 1969 1082 2010 Rhodii
1108 1968 1274 2024 (Biogr.
1296 1969 1364 2022 50,
1385 1970 1447 2022 3):
1475 1966 1645 2022 ἐγένετο
1672 1964 1710 2008 δ’
1744 1965 1811 2008 ἐπὶ
1837 1973 1924 2007 τῶν

511 2043 808 2093 Πτολεμαίων.

399 2123 465 2164 27.
513 2125 656 2163 Genus
690 2121 896 2163 Nicandri
929 2121 1094 2177 (Biogr.
1128 2124 1201 2176 62,
1232 2120 1321 2177 10):
1361 2124 1504 2178 χρόνῳ
1544 2118 1582 2162 δ’
1620 2120 1791 2174 ἐγένετο
1829 2117 1921 2161 κατ’

501 2192 714 2235 ’Ἀτταλον
744 2194 821 2234 τὸν
854 2196 1103 2234 τελευταῖον
1135 2193 1324 2246 ἄρξαντα
1359 2191 1608 2246 Περγάμου.

372 2383 535 2414 mortuus
562 2382 676 2423 esset,
708 2379 839 2414 incerti
865 2379 1069 2414 haerebant
1095 2380 1290 2424 scriptores
1317 2380 1439 2413 utrum
1468 2377 1631 2422 Lagidae
1666 2378 1850 2412 extremos
1881 2387 1928 2411 an

374 2438 606 2484 Philadelphi
645 2438 783 2484 primos
822 2449 936 2472 annos
976 2438 1162 2483 olympias
1198 2439 1265 2473 illa
1302 2437 1540 2482 significaret.
1596 2435 1760 2480 Denique
1791 2436 1825 2470 ei
1865 2435 1928 2479 qui

372 2498 579 2542 Euergeten
607 2498 681 2541 (hic
707 2498 806 2533 enim
833 2500 887 2532 est
915 2498 1038 2542 ‘quem
1067 2498 1178 2532 tertia
1203 2500 1306 2532 aetas
1326 2497 1415 2531 tulit
1436 2495 1688 2531 Ptolemaeus’
1712 2494 1799 2530 Tae.
1820 2505 1849 2530 c.
1865 2497 1928 2536 843

373 2558 417 2591 cf.
447 2562 490 2591 83
520 2557 775 2592 ‘Ptolemaeus
809 2556 903 2603 [scil.
930 2556 1087 2602 Lagida]
1115 2556 1178 2601 qui
1205 2557 1448 2591 Macedonum
1481 2555 1621 2600 primus
1650 2553 1810 2599 Aegypti
1839 2564 1929 2598 opes

374 2616 564 2658 firinavit')
602 2627 719 2651 novae
757 2615 946 2660 religionis
986 2618 1172 2650 auctorem
1212 2616 1324 2650 fuisse
1363 2615 1565 2650 narrabant
1603 2623 1768 2658 quosque
1801 2613 1928 2657 aperte

374 2676 514 2718 spernit
545 2674 712 2718 Tacitus,
753 2675 850 2709 haud
898 2675 974 2710 scio
1010 2686 1056 2708 an
1089 2678 1227 2709 temere
1262 2673 1550 2708 ‘Ptolemaeum’
1586 2670 1820 2717 interpretati
1857 2671 1931 2705 sint
2104 2671 2111 2706 ⁴.

376 2746 458 2767 vum
496 2744 603 2776 quem
642 2734 738 2769 inter
771 2745 896 2769 omnes
934 2734 1074 2778 pietate
1114 2733 1272 2768 maxime
1304 2733 1487 2777 insignem
1525 2734 1636 2776 atque
1676 2730 1930 2766 sacerdotibus

376 2792 637 2826 amicissimum
664 2795 926 2837 cognoverant,
953 2792 1032 2827 scil.
1054 2791 1274 2837 Εὐεργέτην.

497 2854 529 2894 1)
558 2850 714 2885 Michael
735 2851 867 2895 Glycas
885 2854 980 2896 (370,
999 2856 1041 2885 14
1067 2853 1120 2886 ed.
1136 2851 1264 2896 Bonn.)
1285 2851 1397 2886 etiam
1420 2851 1612 2886 Platonem
1634 2851 1673 2884 et
1692 2849 1928 2884 Aristotelem

379 2909 595 2953 lionginiani
623 2914 744 2944 aetate
770 2911 935 2946 floruisse
962 2910 1053 2945 dicit
1078 2907 1356 2955 (ἔγνωρίζοντο).
