2125 3439
792 237 1080 277 —95—

277 343 359 387 Sed
404 359 490 386 non
529 343 776 385 Philolaum
821 344 978 396 solum,
1024 358 1171 385 verum
1214 358 1266 385 ne
1311 343 1498 397 reliquos
1545 343 1714 397 quidem

157 414 460 457 Crotonienses
493 415 681 456 medicos
714 430 738 456 a
765 414 1122 469 philosophorum
1148 414 1275 469 nugis
1308 414 1569 455 abstinuisse
1603 414 1716 455 lucu-

155 486 394 527 lentissime
433 487 611 540 apparet
649 499 698 526 ex
738 485 799 526 eis
838 499 944 538 quae
984 485 1033 525 ‹lc
1067 484 1266 538 Hippone
1305 489 1455 526 narrat
1494 487 1718 539 excerptor

157 555 392 598 Menoneus
426 555 523 610 (col.
551 554 609 595 Xl
639 555 695 595 22
728 568 823 608 pag.
855 555 905 594 17
941 553 1098 608 Diels):
1127 553 1295 596 Ἵππων
1329 553 1375 597 ὀὲ
1410 555 1432 595 ὁ
1468 555 1717 607 Κροτωνιά-

156 643 233 681 της
265 631 399 668 οἴεται
427 625 474 667 ἐν
500 625 604 678 ἡμῖν
637 626 803 666 οἰκείαν
830 621 942 665 εἶναι
974 624 1206 677 ὑγρότητα,
1238 623 1339 666 καθ’
1375 626 1425 678 ἢν
1458 624 1527 666 καὶ
1561 627 1716 666 αι’σθα-

156 699 328 751 νόμεθα
371 694 442 737 καὶ
487 691 514 751 ᾖ
554 697 708 749 ζῶμεν·
754 695 859 736 ὅταν
904 692 983 748 μὲν
1023 691 1105 736 οὖν
1149 697 1318 744 οἰκείως
1363 698 1435 750 ἔχῃ
1480 696 1501 749 ἡ
1540 697 1717 749 τοιαύτη

155 767 360 822 ὑγρότης,
391 766 581 819 ὑγιαίνει
612 767 661 808 τὸ
690 767 816 821 ζῷον,
849 766 954 806 ὅταν
982 762 1029 806 d}
1056 764 1356 820 ἀναξηρανθῇ,
1387 766 1649 820 ἀναισθητεῖ
1675 782 1717 807 τε

155 838 204 880 τὸ
238 838 349 893 ζῷον
381 836 453 878 καὶ
485 836 768 889 ἀποθνήσκει.
831 836 903 877 διὰ
937 837 991 890 δὴ
1024 843 1153 878 τοῦτο
1187 836 1232 878 οἶ
1260 836 1461 889 γέροντες
1494 836 1615 891 ξηροὶ
1648 835 1718 877 καὶ

157 907 440 962 ἀναίσθητοι,
485 908 550 949 ὅτι
589 905 719 961 χωρὶς
764 907 1017 961 ὑγρότητος·
1063 906 1288 960 ἀναλόγως
1334 908 1387 959 δὴ
1433 908 1483 948 τὰ
1526 906 1718 961 πέλματα

157 977 419 1032 ἀναίσθητα,
452 978 517 1019 ὅτι
550 979 710 1032 ἄμοιρα
742 977 991 1032 ὑγρότητος.
1048 976 1120 1019 καὶ
1152 983 1286 1019 ταῦτα
1319 975 1398 1032 μὲν
1430 979 1528 1031 ἄχρι
1562 978 1720 1019 τούτου

155 1051 309 1104 φησίν·
349 1049 396 1091 ἐν
434 1049 552 1106 ἄλλῳ
592 1046 639 1090 ote
678 1051 847 1106 βυβλίῳ
886 1049 1016 1097 αὐτὸς
1056 1048 1166 1102 ἀνὴρ
1207 1047 1321 1101 λέγει
1359 1050 1439 1102 τὴν
1471 1064 1720 1102 κατωνομα-

157 1119 322 1175 σμένην
360 1120 576 1174 ὑγρότητα
614 1120 900 1174 μεταβάλλειν
939 1118 994 1160 ὁι’
1041 1119 1290 1173 ὑπερβολὴν
1334 1121 1606 1174 θερμότητος
1649 1118 1720 1160 καὶ

158 1189 215 1232 δι’
254 1191 503 1245 ὑπερβολὴν
534 1192 806 1245 ψυχρότητος
838 1189 910 1231 καὶ
942 1190 1080 1238 οὕτως
1112 1192 1272 1239 νόσους
1304 1190 1540 1244 ἐπιφέρειν.
1597 1206 1720 1244 μετα-

160 1262 340 1316 βάλλειν
373 1260 426 1302 δέ
448 1272 583 1315 φησιν
616 1260 753 1314 αὐτὴν
786 1261 812 1314 ἢ
845 1260 913 1317 ἐπὶ
945 1262 993 1302 τὸ
1020 1264 1172 1303 πλεῖον
1201 1261 1341 1316 ὑγρὸν
1374 1261 1397 1315 ἢ
1426 1260 1494 1303 ἐπὶ
1520 1263 1568 1303 τὸ
1597 1262 1721 1315 ξηρό-

157 1347 285 1387 τερον
317 1331 342 1386 ἢ
376 1330 444 1373 ἐπὶ
474 1333 522 1373 τὸ
549 1330 927 1386 παχυμερέστερον
960 1331 984 1385 ἢ
1014 1330 1081 1373 ἐπὶ
1108 1333 1156 1373 τὸ
1184 1331 1575 1386 λεπτομερέστερον
1608 1332 1633 1386 ἣ
1660 1333 1721 1381 εἰς

157 1403 291 1456 ἔτερα.
335 1401 407 1444 καὶ
433 1403 481 1444 τὸ
509 1407 651 1444 αἴτιον
678 1402 816 1451 οὕτως
841 1406 1087 1455 νοσολογεϊ,
1113 1403 1187 1452 τὰς
1214 1401 1260 1444 δὲ
1288 1404 1447 1452 νόσους
1472 1404 1547 1452 τὰς
1573 1419 1719 1457 γιγνο-

159 1473 293 1527 μένας
323 1473 403 1529 οὐχ
436 1473 712 1526 ὑπαγορεύει.

279 1544 412 1586 Vides
445 1544 690 1599 Hipponem
730 1559 900 1598 quoque
941 1558 1033 1586 esse
1073 1559 1122 1585 ex
1161 1544 1240 1597 eis,
1279 1545 1322 1585 in
1362 1560 1467 1599 quos
1507 1545 1724 1586 invehitur

159 1618 312 1658 auctor
349 1616 398 1657 (le
432 1615 574 1670 prisca
609 1614 836 1668 medicina,
875 1615 947 1657 sed
987 1630 1036 1657 eo
1079 1615 1274 1657 acerbius
1307 1615 1504 1657 Philolao
1544 1630 1641 1657 eum
1679 1630 1723 1656 se

159 1701 325 1742 gerere,
364 1686 478 1741 quod
511 1686 555 1727 in
588 1687 839 1728 morborum
872 1686 1037 1741 origine
1083 1686 1334 1741 explicanda
1373 1686 1554 1728 recurrit
1592 1687 1643 1727 ad
1675 1687 1723 1728 τὸ

158 1757 313 1812 ὑγρόν,
344 1757 476 1799 variis
502 1771 703 1799 sucorum
731 1757 960 1812 generibus
988 1757 1113 1811 plane
1140 1757 1362 1812 neglectis.
1415 1757 1567 1811 Itaque
1595 1772 1723 1810 quam

160 1828 294 1870 semel
325 1828 549 1870 Thaletem
589 1831 762 1870 secutus
801 1828 850 1869 de
889 1828 1065 1869 humido
1107 1828 1299 1869 omnium
1332 1843 1473 1869 rerum
1513 1828 1724 1882 principio

161 1899 421 1941 sententiam
461 1914 605 1940 veram
645 1914 737 1940 esse
777 1899 859 1940 sibi
900 1899 1132 1953 persuasit,
1177 1900 1221 1940 in
1260 1914 1308 1940 ea
1347 1902 1597 1941 constanter
1634 1914 1726 1953 per-

162 1970 334 2012 mansit.
397 1970 489 2012 Hac
529 1970 582 2010 ab
626 1970 824 2024 opinione
863 1970 1158 2024 praeiudicata
1201 1970 1430 2024 petendum
1475 1984 1566 2011 esse
1608 1972 1727 2024 puto,

162 2041 275 2096 quod
303 2041 434 2083 etiam
461 2055 664 2083 sensuum
690 2041 1009 2095 perceptionem
1037 2041 1089 2081 ab
1114 2040 1290 2082 humido
1318 2040 1393 2082 illo
1415 2041 1596 2095 pendere
1620 2040 1726 2094 vult,

160 2112 417 2167 praesertim
450 2126 545 2153 cum
581 2111 768 2153 animam
803 2126 971 2167 quoque
1004 2111 1215 2166 liquorem
1250 2126 1342 2153 esse
1379 2111 1548 2165 (loceat3
1587 2126 1725 2165 neque

162 2183 374 2225 assentiar
412 2183 600 2225 Dielesio
642 2182 805 2237 (Herm.
840 2181 1027 2223 XXVIII
1061 2179 1183 2237 421),
1231 2182 1303 2236 qui
1349 2197 1399 2223 ex
1438 2195 1522 2222 uno
1562 2182 1636 2223 illo
1676 2182 1726 2223 de

165 2254 277 2296 oculi
309 2253 487 2296 humida
518 2257 673 2296 natura
704 2253 866 2308 placito
896 2253 1169 2295 Alcmaeonis
1202 2253 1283 2295 hoc
1315 2252 1530 2307 Hipponis
1563 2253 1742 2294 dictum*

164 2324 405 2380 profectum
447 2340 539 2367 esse
582 2324 813 2367 existimat.
894 2325 1006 2366 {ecte
1052 2327 1195 2365 tamen
1235 2323 1448 2365 Dielesius
1493 2324 1640 2365 eodem
1685 2326 1728 2364 et

165 2396 466 2451 physiologiae
494 2399 537 2437 et
563 2395 870 2451 psychologiae
899 2394 1042 2436 studio
1070 2394 1315 2449 Hipponem
1344 2409 1439 2436 cum
1467 2394 1727 2436 Alcmaeone

166 2467 359 2508 iunctum
387 2481 480 2508 esse
513 2469 705 2508 annotat.
768 2465 954 2507 Omnino
988 2466 1223 2507 notandum
1258 2480 1318 2519 ea,
1351 2480 1458 2519 quae
1492 2465 1727 2507 medicinae

166 2537 370 2592 propiora
403 2537 626 2593 magisque
667 2552 691 2578 a
730 2536 1006 2591 philosophia
1042 2539 1206 2578 remota
1240 2539 1356 2590 sunt,
1394 2536 1535 2577 minus
1569 2536 1728 2577 distare

165 2609 219 2650 ab
258 2608 626 2662 Alcmaeonianis,
671 2609 732 2649 ita
777 2610 825 2648 ut
863 2607 976 2649 idem
1021 2608 1071 2648 ‹le
1110 2607 1294 2649 Philolai
1341 2622 1510 2661 quoque
1555 2607 1727 2661 placitis

165 2679 328 2735 ignotis
356 2679 493 2721 conici
520 2680 656 2721 liceat.
709 2678 996 2720 Consentiunt
1023 2681 1153 2733 caput
1178 2678 1363 2732 primum
1394 2677 1438 2718 in
1466 2678 1583 2719 foetu
1612 2678 1728 2732 oriri,

167 2765 295 2805 quam
328 2751 379 2792 ad
407 2750 652 2805 opinionem
680 2764 728 2790 ea
755 2764 798 2790 re
825 2753 1005 2803 uterque
1033 2749 1239 2790 adductus
1268 2752 1345 2802 est,
1379 2749 1490 2803 quod
1519 2749 1561 2790 in
1590 2749 1729 2803 capite

167 2821 297 2862 animi
338 2821 574 2875 principale
614 2821 751 2862 inesse
792 2835 1043 2875 persuasum
1082 2821 1213 2862 habet
1245 2819 1439 2875 (Censor.
1473 2819 1507 2860 d.
1544 2819 1609 2861 dic
1642 2825 1728 2861 nat.

168 2893 207 2945 6,
233 2892 286 2946 1).
338 2891 459 2940 Quod
488 2892 627 2946 ipsum
656 2891 863 2946 placitum
891 2907 990 2932 num
1019 2908 1039 2932 c
1067 2891 1183 2945 poris
1210 2891 1555 2933 Alcmaeoni-anis
1583 2890 1729 2945 Hippo

170 2961 374 3018 coegerit,
401 2962 562 3003 dubito.
615 2961 790 3004 Etenim
819 2978 914 3004 cuin
943 2966 990 3003 ut
1017 2977 1165 3004 omncs
1193 2976 1259 3004 res
1289 2962 1348 3003 ita
1377 2977 1519 3003 semen
1549 2977 1731 3017 quoqne,
