<?xml version="1.0" encoding="UTF-8"?>
<!DOCTYPE html PUBLIC "-//W3C//DTD XHTML 1.0 Transitional//EN"
    "http://www.w3.org/TR/xhtml1/DTD/xhtml1-transitional.dtd">
<html xmlns="http://www.w3.org/1999/xhtml" xml:lang="en" lang="en">
 <head>
  <title>
</title>
<meta http-equiv="Content-Type" content="text/html;charset=utf-8" />
  <meta name='ocr-system' content='tesseract 3.04.00' />
  <meta name='ocr-capabilities' content='ocr_page ocr_carea ocr_par ocr_line ocrx_word'/>
</head>
<body>
  <div class='ocr_page' id='page_1' title='image "./dealcmaeonecroto00wachuoft_0041.png"; bbox 0 0 2125 3439; ppageno 0'>
   <div class='ocr_carea' id='block_1_1' title="bbox 778 236 1070 277">
    <p class='ocr_par' dir='ltr' id='par_1_1' title="bbox 778 236 1070 277">
     <span class='ocr_line' id='line_1_1' title="bbox 778 236 1070 277; baseline 0.007 -13"><span class='ocrx_word' id='word_1_1' title='bbox 778 236 1070 277; x_wconf 68' lang='lat'><strong>-37-</strong></span> 
     </span>
    </p>
   </div>
   <div class='ocr_carea' id='block_1_2' title="bbox 143 338 1712 2258">
    <p class='ocr_par' dir='ltr' id='par_1_2' title="bbox 143 338 1712 1460">
     <span class='ocr_line' id='line_1_2' title="bbox 145 338 1708 397; baseline 0.001 -14"><span class='ocrx_word' id='word_1_2' title='bbox 145 341 370 397; x_wconf 82' lang='lat' dir='ltr'>scripsisse</span> <span class='ocrx_word' id='word_1_3' title='bbox 397 343 566 384; x_wconf 88' lang='lat' dir='ltr'>videtur</span> <span class='ocrx_word' id='word_1_4' title='bbox 591 340 816 383; x_wconf 85' lang='lat' dir='ltr'><strong>Alcmaeo:</strong></span> <span class='ocrx_word' id='word_1_5' title='bbox 844 338 1088 396; x_wconf 80' lang='grc' dir='ltr'><strong><em>Ἀλκμαίων</em></strong></span> <span class='ocrx_word' id='word_1_6' title='bbox 1115 344 1423 397; x_wconf 74' lang='grc' dir='ltr'><em>Κροτωνιήτης</em></span> <span class='ocrx_word' id='word_1_7' title='bbox 1448 343 1549 385; x_wconf 81' lang='grc' dir='ltr'><em>τάδε</em></span> <span class='ocrx_word' id='word_1_8' title='bbox 1577 344 1708 396; x_wconf 81' lang='grc' dir='ltr'><em>ἔλεξε,</em></span> 
     </span>
     <span class='ocr_line' id='line_1_3' title="bbox 145 410 1708 471; baseline 0.001 -17"><span class='ocrx_word' id='word_1_9' title='bbox 145 414 350 466; x_wconf 84' lang='grc' dir='ltr'><em>Περίθου</em></span> <span class='ocrx_word' id='word_1_10' title='bbox 386 414 501 466; x_wconf 57' lang='lat' dir='ltr'>vids,</span> <span class='ocrx_word' id='word_1_11' title='bbox 538 414 768 469; x_wconf 79' lang='grc' dir='ltr'><em>Βροντίνῳ</em></span> <span class='ocrx_word' id='word_1_12' title='bbox 807 410 879 454; x_wconf 83' lang='grc' dir='ltr'><em>καὶ</em></span> <span class='ocrx_word' id='word_1_13' title='bbox 913 411 1072 454; x_wconf 84' lang='grc' dir='ltr'><em>Λέοντι</em></span> <span class='ocrx_word' id='word_1_14' title='bbox 1103 412 1175 455; x_wconf 81' lang='grc' dir='ltr'><em>καὶ</em></span> <span class='ocrx_word' id='word_1_15' title='bbox 1207 414 1445 471; x_wconf 72' lang='grc' dir='ltr'><em>Βαθύλλω·</em></span> <span class='ocrx_word' id='word_1_16' title='bbox 1484 413 1584 468; x_wconf 82' lang='grc' dir='ltr'><em>περὶ</em></span> <span class='ocrx_word' id='word_1_17' title='bbox 1621 421 1708 456; x_wconf 89' lang='grc' dir='ltr'>τῶν</span> 
     </span>
     <span class='ocr_line' id='line_1_4' title="bbox 145 479 1708 540; baseline 0.001 -14"><span class='ocrx_word' id='word_1_18' title='bbox 145 483 356 538; x_wconf 83' lang='grc' dir='ltr'><em>ἀθηήτων</em></span> <span class='ocrx_word' id='word_1_19' title='bbox 388 485 633 538; x_wconf 88' lang='grc' dir='ltr'><em>σαφηνείην</em></span> <span class='ocrx_word' id='word_1_20' title='bbox 665 479 745 536; x_wconf 77' lang='grc' dir='ltr'>μὲν</span> <span class='ocrx_word' id='word_1_21' title='bbox 770 480 870 524; x_wconf 80' lang='grc' dir='ltr'><em>θεοὶ</em></span> <span class='ocrx_word' id='word_1_22' title='bbox 896 484 1064 537; x_wconf 83' lang='grc' dir='ltr'><em>ἔχουσι·</em></span> <span class='ocrx_word' id='word_1_23' title='bbox 1097 484 1155 533; x_wconf 82' lang='grc' dir='ltr'>ὡς</span> <span class='ocrx_word' id='word_1_24' title='bbox 1182 481 1229 526; x_wconf 78' lang='grc' dir='ltr'>δὲ</span> <span class='ocrx_word' id='word_1_25' title='bbox 1256 484 1510 539; x_wconf 80' lang='grc' dir='ltr'><em>ἀνθρώποις</em></span> <span class='ocrx_word' id='word_1_26' title='bbox 1539 487 1708 540; x_wconf 86' lang='grc' dir='ltr'><em>τεκμαί-</em></span> 
     </span>
     <span class='ocr_line' id='line_1_5' title="bbox 148 550 1709 611; baseline 0.001 -14"><span class='ocrx_word' id='word_1_27' title='bbox 148 558 306 610; x_wconf 85' lang='grc' dir='ltr'><em>ρεσθαι</em></span> <span class='ocrx_word' id='word_1_28' title='bbox 337 556 426 596; x_wconf 87' lang='grc' dir='ltr'><em>κτλ.</em></span> <span class='ocrx_word' id='word_1_29' title='bbox 462 577 520 582; x_wconf 92' lang='grc'>-</span> <span class='ocrx_word' id='word_1_30' title='bbox 559 551 841 607; x_wconf 88' lang='lat' dir='ltr'>Gomperzius</span> <span class='ocrx_word' id='word_1_31' title='bbox 881 552 1053 606; x_wconf 77' lang='lat' dir='ltr'>supplet</span> <span class='ocrx_word' id='word_1_32' title='bbox 1092 550 1180 595; x_wconf 80' lang='grc' dir='ltr'>ὧδέ</span> <span class='ocrx_word' id='word_1_33' title='bbox 1214 570 1304 605; x_wconf 80' lang='grc' dir='ltr'>πως</span> <span class='ocrx_word' id='word_1_34' title='bbox 1341 559 1449 611; x_wconf 80' lang='grc' dir='ltr'><em>ἔχει,</em></span> <span class='ocrx_word' id='word_1_35' title='bbox 1487 560 1709 611; x_wconf 77' lang='lat' dir='ltr'>tamquam</span> 
     </span>
     <span class='ocr_line' id='line_1_6' title="bbox 145 621 1710 682; baseline 0.002 -16"><span class='ocrx_word' id='word_1_36' title='bbox 145 625 182 666; x_wconf 85' lang='lat' dir='ltr'>si</span> <span class='ocrx_word' id='word_1_37' title='bbox 214 624 422 666; x_wconf 88' lang='lat' dir='ltr'>traditum</span> <span class='ocrx_word' id='word_1_38' title='bbox 455 623 514 665; x_wconf 91' lang='lat' dir='ltr'>sit</span> <span class='ocrx_word' id='word_1_39' title='bbox 548 623 606 673; x_wconf 80' lang='grc' dir='ltr'>ὡς</span> <span class='ocrx_word' id='word_1_40' title='bbox 638 621 687 664; x_wconf 77' lang='grc' dir='ltr'>δὲ</span> <span class='ocrx_word' id='word_1_41' title='bbox 719 623 974 677; x_wconf 81' lang='grc' dir='ltr'><em>ἄνθρωπον</em></span> <span class='ocrx_word' id='word_1_42' title='bbox 1005 626 1330 678; x_wconf 84' lang='grc' dir='ltr'><em>τεκμαίρεσθαι.</em></span> <span class='ocrx_word' id='word_1_43' title='bbox 1381 627 1530 682; x_wconf 84' lang='lat' dir='ltr'><strong>Neque</strong></span> <span class='ocrx_word' id='word_1_44' title='bbox 1565 631 1710 669; x_wconf 82' lang='lat' dir='ltr'>tamen</span> 
     </span>
     <span class='ocr_line' id='line_1_7' title="bbox 144 692 1709 753; baseline 0.002 -16"><span class='ocrx_word' id='word_1_45' title='bbox 144 695 233 737; x_wconf 87' lang='lat' dir='ltr'>scio</span> <span class='ocrx_word' id='word_1_46' title='bbox 267 709 321 736; x_wconf 87' lang='lat' dir='ltr'>an</span> <span class='ocrx_word' id='word_1_47' title='bbox 352 694 479 750; x_wconf 85' lang='lat' dir='ltr'>plura</span> <span class='ocrx_word' id='word_1_48' title='bbox 511 693 599 736; x_wconf 88' lang='lat' dir='ltr'>sint</span> <span class='ocrx_word' id='word_1_49' title='bbox 632 692 793 736; x_wconf 85' lang='lat' dir='ltr'>omissa</span> <span class='ocrx_word' id='word_1_50' title='bbox 825 696 868 735; x_wconf 90' lang='lat' dir='ltr'>et</span> <span class='ocrx_word' id='word_1_51' title='bbox 899 694 944 735; x_wconf 89' lang='lat' dir='ltr'>in</span> <span class='ocrx_word' id='word_1_52' title='bbox 976 694 1036 736; x_wconf 89' lang='lat' dir='ltr'>eis</span> <span class='ocrx_word' id='word_1_53' title='bbox 1071 694 1205 744; x_wconf 83' lang='grc' dir='ltr'><em>ἔξεστι</em></span> <span class='ocrx_word' id='word_1_54' title='bbox 1240 696 1306 737; x_wconf 89' lang='lat' dir='ltr'>vel</span> <span class='ocrx_word' id='word_1_55' title='bbox 1337 698 1423 739; x_wconf 87' lang='lat' dir='ltr'>tale</span> <span class='ocrx_word' id='word_1_56' title='bbox 1452 698 1565 753; x_wconf 84' lang='lat' dir='ltr'>quid,</span> <span class='ocrx_word' id='word_1_57' title='bbox 1599 699 1709 740; x_wconf 85' lang='lat' dir='ltr'>unde</span> 
     </span>
     <span class='ocr_line' id='line_1_8' title="bbox 144 763 1708 823; baseline 0.003 -17"><span class='ocrx_word' id='word_1_58' title='bbox 144 766 328 821; x_wconf 78' lang='lat' dir='ltr'>pendeat</span> <span class='ocrx_word' id='word_1_59' title='bbox 367 765 538 807; x_wconf 86' lang='lat' dir='ltr'>dativus</span> <span class='ocrx_word' id='word_1_60' title='bbox 577 764 850 820; x_wconf 81' lang='grc' dir='ltr'><em>ἀνθρώποις;</em></span> <span class='ocrx_word' id='word_1_61' title='bbox 890 780 923 806; x_wconf 93' lang='lat' dir='ltr'>e.</span> <span class='ocrx_word' id='word_1_62' title='bbox 960 779 1022 820; x_wconf 86' lang='lat' dir='ltr'>gr.</span> <span class='ocrx_word' id='word_1_63' title='bbox 1062 766 1119 815; x_wconf 80' lang='grc' dir='ltr'>ὡς</span> <span class='ocrx_word' id='word_1_64' title='bbox 1160 763 1207 807; x_wconf 77' lang='grc' dir='ltr'>δὲ</span> <span class='ocrx_word' id='word_1_65' title='bbox 1247 766 1503 821; x_wconf 80' lang='grc' dir='ltr'><em>ἀνθρώποις</em></span> <span class='ocrx_word' id='word_1_66' title='bbox 1540 772 1708 823; x_wconf 82' lang='grc' dir='ltr'><em>τεκμαί-</em></span> 
     </span>
     <span class='ocr_line' id='line_1_9' title="bbox 144 833 1708 893; baseline 0.001 -14"><span class='ocrx_word' id='word_1_67' title='bbox 144 840 304 891; x_wconf 86' lang='grc' dir='ltr'><em>ρεσθαι</em></span> <span class='ocrx_word' id='word_1_68' title='bbox 337 836 502 887; x_wconf 79' lang='grc' dir='ltr'><em>ἔξεστιν</em></span> <span class='ocrx_word' id='word_1_69' title='bbox 535 834 581 877; x_wconf 85' lang='grc' dir='ltr'>ἐκ</span> <span class='ocrx_word' id='word_1_70' title='bbox 614 843 702 877; x_wconf 85' lang='grc' dir='ltr'>τῶν</span> <span class='ocrx_word' id='word_1_71' title='bbox 731 835 1040 890; x_wconf 78' lang='grc' dir='ltr'><em>αἰσθάνονται,</em></span> <span class='ocrx_word' id='word_1_72' title='bbox 1073 833 1158 878; x_wconf 78' lang='grc' dir='ltr'>ὧδε</span> <span class='ocrx_word' id='word_1_73' title='bbox 1192 835 1277 890; x_wconf 85' lang='grc' dir='ltr'>ἐγὼ</span> <span class='ocrx_word' id='word_1_74' title='bbox 1311 837 1430 893; x_wconf 84' lang='grc' dir='ltr'><em>ἐρέω.</em></span> <span class='ocrx_word' id='word_1_75' title='bbox 1480 839 1708 881; x_wconf 83' lang='lat' dir='ltr'>Praeterea</span> 
     </span>
     <span class='ocr_line' id='line_1_10' title="bbox 144 905 1708 962; baseline 0.002 -13"><span class='ocrx_word' id='word_1_76' title='bbox 144 908 344 950; x_wconf 91' lang='lat' dir='ltr'>breviora</span> <span class='ocrx_word' id='word_1_77' title='bbox 374 907 575 949; x_wconf 82' lang='lat' dir='ltr'>videntur</span> <span class='ocrx_word' id='word_1_78' title='bbox 609 905 857 961; x_wconf 90' lang='lat' dir='ltr'>Gomperzii</span> <span class='ocrx_word' id='word_1_79' title='bbox 896 907 1027 948; x_wconf 86' lang='lat' dir='ltr'>verba</span> <span class='ocrx_word' id='word_1_80' title='bbox 1064 921 1194 962; x_wconf 84' lang='lat' dir='ltr'>quam</span> <span class='ocrx_word' id='word_1_81' title='bbox 1234 923 1341 962; x_wconf 87' lang='lat' dir='ltr'>quae</span> <span class='ocrx_word' id='word_1_82' title='bbox 1381 910 1527 951; x_wconf 88' lang='lat' dir='ltr'>omnia</span> <span class='ocrx_word' id='word_1_83' title='bbox 1559 910 1708 952; x_wconf 85' lang='lat' dir='ltr'>afferre</span> 
     </span>
     <span class='ocr_line' id='line_1_11' title="bbox 144 976 1708 1034; baseline 0.001 -13"><span class='ocrx_word' id='word_1_84' title='bbox 144 977 435 1021; x_wconf 85' lang='lat' dir='ltr'>Callimachus</span> <span class='ocrx_word' id='word_1_85' title='bbox 486 978 666 1034; x_wconf 90' lang='lat' dir='ltr'>longum</span> <span class='ocrx_word' id='word_1_86' title='bbox 716 976 946 1032; x_wconf 84' lang='lat' dir='ltr'>putaverit.</span> <span class='ocrx_word' id='word_1_87' title='bbox 1012 977 1072 1020; x_wconf 92' lang='lat' dir='ltr'>Ac</span> <span class='ocrx_word' id='word_1_88' title='bbox 1117 993 1169 1020; x_wconf 91' lang='lat' dir='ltr'>ne</span> <span class='ocrx_word' id='word_1_89' title='bbox 1221 980 1460 1022; x_wconf 88' lang='lat' dir='ltr'>sententiae</span> <span class='ocrx_word' id='word_1_90' title='bbox 1513 982 1708 1023; x_wconf 79' lang='lat' dir='ltr'>exeuntis</span> 
     </span>
     <span class='ocr_line' id='line_1_12' title="bbox 144 1047 1710 1108; baseline 0.001 -16"><span class='ocrx_word' id='word_1_91' title='bbox 144 1050 423 1092; x_wconf 89' lang='lat' dir='ltr'>omissionem</span> <span class='ocrx_word' id='word_1_92' title='bbox 462 1064 486 1090; x_wconf 90' lang='lat' dir='ltr'>a</span> <span class='ocrx_word' id='word_1_93' title='bbox 522 1047 779 1091; x_wconf 83' lang='lat' dir='ltr'>Callimachi</span> <span class='ocrx_word' id='word_1_94' title='bbox 818 1063 936 1090; x_wconf 89' lang='lat' dir='ltr'>more</span> <span class='ocrx_word' id='word_1_95' title='bbox 979 1048 1212 1091; x_wconf 87' lang='lat' dir='ltr'>abhorrere</span> <span class='ocrx_word' id='word_1_96' title='bbox 1251 1050 1386 1105; x_wconf 86' lang='lat' dir='ltr'>dicas,</span> <span class='ocrx_word' id='word_1_97' title='bbox 1424 1052 1543 1108; x_wconf 84' lang='lat' dir='ltr'>legas</span> <span class='ocrx_word' id='word_1_98' title='bbox 1583 1053 1710 1094; x_wconf 85' lang='lat' dir='ltr'>velim</span> 
     </span>
     <span class='ocr_line' id='line_1_13' title="bbox 143 1117 1712 1178; baseline 0.002 -16"><span class='ocrx_word' id='word_1_99' title='bbox 143 1121 249 1163; x_wconf 88' lang='lat' dir='ltr'>haec</span> <span class='ocrx_word' id='word_1_100' title='bbox 281 1118 459 1176; x_wconf 83' lang='lat' dir='ltr'>(Athen.</span> <span class='ocrx_word' id='word_1_101' title='bbox 485 1119 548 1160; x_wconf 72' lang='lat' dir='ltr'>VI</span> <span class='ocrx_word' id='word_1_102' title='bbox 580 1134 618 1174; x_wconf 91' lang='lat' dir='ltr'>p.</span> <span class='ocrx_word' id='word_1_103' title='bbox 648 1120 734 1161; x_wconf 80' lang='lat'>244</span> <span class='ocrx_word' id='word_1_104' title='bbox 756 1117 832 1176; x_wconf 87' lang='lat' dir='ltr'>A):</span> <span class='ocrx_word' id='word_1_105' title='bbox 873 1125 952 1162; x_wconf 87' lang='grc' dir='ltr'>τοῦ</span> <span class='ocrx_word' id='word_1_106' title='bbox 993 1122 1301 1175; x_wconf 77' lang='grc' dir='ltr'><em>Χαιρεφῶντος</em></span> <span class='ocrx_word' id='word_1_107' title='bbox 1338 1120 1409 1164; x_wconf 88' lang='grc' dir='ltr'><em>καὶ</em></span> <span class='ocrx_word' id='word_1_108' title='bbox 1450 1123 1712 1178; x_wconf 83' lang='grc' dir='ltr'><em>σύγγραμμα</em></span> 
     </span>
     <span class='ocr_line' id='line_1_14' title="bbox 143 1189 1711 1249; baseline 0.002 -16"><span class='ocrx_word' id='word_1_109' title='bbox 143 1191 389 1247; x_wconf 78' lang='grc' dir='ltr'><em>ἀναγράφει</em></span> <span class='ocrx_word' id='word_1_110' title='bbox 418 1192 698 1246; x_wconf 80' lang='grc' dir='ltr'><em>Καλλίμαχος</em></span> <span class='ocrx_word' id='word_1_111' title='bbox 730 1189 778 1232; x_wconf 84' lang='grc' dir='ltr'>έν</span> <span class='ocrx_word' id='word_1_112' title='bbox 810 1197 870 1248; x_wconf 78' lang='grc' dir='ltr'>τῷ</span> <span class='ocrx_word' id='word_1_113' title='bbox 903 1198 991 1233; x_wconf 86' lang='grc' dir='ltr'>τῶν</span> <span class='ocrx_word' id='word_1_114' title='bbox 1016 1192 1310 1234; x_wconf 81' lang='grc' dir='ltr'><em>παντοδαπῶν</em></span> <span class='ocrx_word' id='word_1_115' title='bbox 1341 1195 1492 1235; x_wconf 87' lang='grc' dir='ltr'><em>πίνακι</em></span> <span class='ocrx_word' id='word_1_116' title='bbox 1525 1194 1711 1249; x_wconf 84' lang='grc' dir='ltr'><em>γράφων</em></span> 
     </span>
     <span class='ocr_line' id='line_1_15' title="bbox 143 1261 1709 1320; baseline 0.002 -15"><span class='ocrx_word' id='word_1_117' title='bbox 143 1262 299 1312; x_wconf 82' lang='grc' dir='ltr'><em>οὕτως·</em></span> <span class='ocrx_word' id='word_1_118' title='bbox 350 1265 554 1303; x_wconf 83' lang='grc' dir='ltr'><em>Δεῖπνα</em></span> <span class='ocrx_word' id='word_1_119' title='bbox 599 1261 712 1303; x_wconf 84' lang='grc' dir='ltr'><em>ὅσοι</em></span> <span class='ocrx_word' id='word_1_120' title='bbox 757 1263 1009 1316; x_wconf 80' lang='grc' dir='ltr'><em>ἔγραψαν·</em></span> <span class='ocrx_word' id='word_1_121' title='bbox 1062 1265 1340 1317; x_wconf 84' lang='grc' dir='ltr'><em>Χαιρεφῶν</em></span> <span class='ocrx_word' id='word_1_122' title='bbox 1384 1267 1709 1320; x_wconf 81' lang='grc' dir='ltr'><em>Κυρηβίωνι,</em></span> 
     </span>
     <span class='ocr_line' id='line_1_16' title="bbox 144 1330 1712 1388; baseline 0.003 -13"><span class='ocrx_word' id='word_1_123' title='bbox 144 1330 232 1375; x_wconf 82' lang='grc' dir='ltr'><em>εἴθ’</em></span> <span class='ocrx_word' id='word_1_124' title='bbox 268 1331 364 1387; x_wconf 83' lang='grc' dir='ltr'><em>ἑξῆς</em></span> <span class='ocrx_word' id='word_1_125' title='bbox 395 1332 475 1386; x_wconf 85' lang='grc' dir='ltr'>τὴν</span> <span class='ocrx_word' id='word_1_126' title='bbox 507 1331 647 1388; x_wconf 83' lang='grc' dir='ltr'><em>ἀρχὴν</em></span> <span class='ocrx_word' id='word_1_127' title='bbox 678 1331 919 1387; x_wconf 85' lang='grc' dir='ltr'><em>ὑπέθηκεν·</em></span> <span class='ocrx_word' id='word_1_128' title='bbox 954 1330 1156 1387; x_wconf 82' lang='grc' dir='ltr'><em>Ἐπειὸή</em></span> <span class='ocrx_word' id='word_1_129' title='bbox 1195 1350 1281 1388; x_wconf 88' lang='grc' dir='ltr'>μοι</span> <span class='ocrx_word' id='word_1_130' title='bbox 1318 1336 1568 1386; x_wconf 77' lang='grc' dir='ltr'><em>πολλάκις</em></span> <span class='ocrx_word' id='word_1_131' title='bbox 1601 1335 1712 1378; x_wconf 85' lang='grc' dir='ltr'><em>ἐπέ-</em></span> 
     </span>
     <span class='ocr_line' id='line_1_17' title="bbox 144 1401 788 1460; baseline -0.003 -13"><span class='ocrx_word' id='word_1_132' title='bbox 144 1407 358 1454; x_wconf 81' lang='grc' dir='ltr'><em>στειλας.</em></span> <span class='ocrx_word' id='word_1_133' title='bbox 409 1405 600 1458; x_wconf 84' lang='grc' dir='ltr'><em>στίχων</em></span> <span class='ocrx_word' id='word_1_134' title='bbox 632 1401 788 1460; x_wconf 70' lang='grc' dir='ltr'>τοε’.1)</span> 
     </span>
    </p>

    <p class='ocr_par' dir='ltr' id='par_1_3' title="bbox 143 1485 1712 2258">
     <span class='ocr_line' id='line_1_18' title="bbox 263 1485 1712 1546; baseline 0.003 -19"><span class='ocrx_word' id='word_1_135' title='bbox 263 1485 460 1542; x_wconf 89' lang='lat' dir='ltr'>Denique</span> <span class='ocrx_word' id='word_1_136' title='bbox 487 1487 537 1528; x_wconf 93' lang='lat' dir='ltr'>de</span> <span class='ocrx_word' id='word_1_137' title='bbox 563 1486 705 1528; x_wconf 90' lang='lat' dir='ltr'>forma</span> <span class='ocrx_word' id='word_1_138' title='bbox 729 1486 858 1528; x_wconf 90' lang='lat' dir='ltr'>huius</span> <span class='ocrx_word' id='word_1_139' title='bbox 885 1487 1101 1529; x_wconf 88' lang='lat' dir='ltr'>enuntiati</span> <span class='ocrx_word' id='word_1_140' title='bbox 1127 1502 1266 1542; x_wconf 89' lang='lat' dir='ltr'>pauca</span> <span class='ocrx_word' id='word_1_141' title='bbox 1293 1488 1455 1530; x_wconf 87' lang='lat' dir='ltr'>addam.</span> <span class='ocrx_word' id='word_1_142' title='bbox 1507 1489 1712 1546; x_wconf 82' lang='lat' dir='ltr'>Agnosco</span> 
     </span>
     <span class='ocr_line' id='line_1_19' title="bbox 143 1556 1709 1614; baseline 0.001 -13"><span class='ocrx_word' id='word_1_143' title='bbox 143 1558 354 1614; x_wconf 87' lang='lat' dir='ltr'>prooemii</span> <span class='ocrx_word' id='word_1_144' title='bbox 388 1572 553 1600; x_wconf 92' lang='lat' dir='ltr'>morem</span> <span class='ocrx_word' id='word_1_145' title='bbox 583 1556 890 1613; x_wconf 89' lang='lat' dir='ltr'>perantiquum</span> <span class='ocrx_word' id='word_1_146' title='bbox 924 1573 975 1600; x_wconf 89' lang='lat' dir='ltr'>ex</span> <span class='ocrx_word' id='word_1_147' title='bbox 1007 1558 1228 1612; x_wconf 85' lang='lat' dir='ltr'>epicorum</span> <span class='ocrx_word' id='word_1_148' title='bbox 1262 1560 1502 1601; x_wconf 87' lang='lat' dir='ltr'>carminum</span> <span class='ocrx_word' id='word_1_149' title='bbox 1536 1575 1709 1603; x_wconf 89' lang='lat' dir='ltr'>consue-</span> 
     </span>
     <span class='ocr_line' id='line_1_20' title="bbox 143 1628 1712 1685; baseline 0.001 -13"><span class='ocrx_word' id='word_1_150' title='bbox 143 1629 293 1672; x_wconf 88' lang='lat' dir='ltr'>tudine</span> <span class='ocrx_word' id='word_1_151' title='bbox 325 1629 620 1685; x_wconf 79' lang='lat' dir='ltr'>conspicuum,</span> <span class='ocrx_word' id='word_1_152' title='bbox 653 1643 738 1684; x_wconf 90' lang='lat' dir='ltr'>quo</span> <span class='ocrx_word' id='word_1_153' title='bbox 765 1629 815 1670; x_wconf 89' lang='lat' dir='ltr'>de</span> <span class='ocrx_word' id='word_1_154' title='bbox 849 1628 900 1671; x_wconf 90' lang='lat' dir='ltr'>cf.</span> <span class='ocrx_word' id='word_1_155' title='bbox 926 1628 1047 1671; x_wconf 92' lang='lat' dir='ltr'>Diels</span> <span class='ocrx_word' id='word_1_156' title='bbox 1075 1629 1220 1672; x_wconf 87' lang='lat' dir='ltr'>Herm.</span> <span class='ocrx_word' id='word_1_157' title='bbox 1243 1629 1369 1672; x_wconf 86' lang='lat' dir='ltr'>XXII</span> <span class='ocrx_word' id='word_1_158' title='bbox 1395 1632 1481 1673; x_wconf 74' lang='lat'>436</span> <span class='ocrx_word' id='word_1_159' title='bbox 1515 1634 1558 1673; x_wconf 93' lang='lat' dir='ltr'>et</span> <span class='ocrx_word' id='word_1_160' title='bbox 1578 1631 1712 1673; x_wconf 80' lang='lat' dir='ltr'>Wila-</span> 
     </span>
     <span class='ocr_line' id='line_1_21' title="bbox 144 1699 1712 1756; baseline 0.002 -14"><span class='ocrx_word' id='word_1_161' title='bbox 144 1701 318 1743; x_wconf 82' lang='lat' dir='ltr'>mowitz</span> <span class='ocrx_word' id='word_1_162' title='bbox 349 1701 521 1743; x_wconf 76' lang='lat' dir='ltr'>Aristot.</span> <span class='ocrx_word' id='word_1_163' title='bbox 552 1715 591 1742; x_wconf 80' lang='lat' dir='ltr'>u.</span> <span class='ocrx_word' id='word_1_164' title='bbox 623 1700 761 1742; x_wconf 78' lang='lat' dir='ltr'>Athen</span> <span class='ocrx_word' id='word_1_165' title='bbox 793 1700 813 1741; x_wconf 92' lang='lat' dir='ltr'>I</span> <span class='ocrx_word' id='word_1_166' title='bbox 851 1700 951 1755; x_wconf 82' lang='lat'>130,</span> <span class='ocrx_word' id='word_1_167' title='bbox 987 1700 1051 1742; x_wconf 81' lang='lat'>12.</span> <span class='ocrx_word' id='word_1_168' title='bbox 1116 1699 1320 1743; x_wconf 89' lang='lat' dir='ltr'>Omnium</span> <span class='ocrx_word' id='word_1_169' title='bbox 1359 1716 1467 1756; x_wconf 90' lang='lat' dir='ltr'>quae</span> <span class='ocrx_word' id='word_1_170' title='bbox 1507 1702 1572 1744; x_wconf 92' lang='lat' dir='ltr'>illi</span> <span class='ocrx_word' id='word_1_171' title='bbox 1611 1718 1712 1745; x_wconf 87' lang='lat' dir='ltr'>con-</span> 
     </span>
     <span class='ocr_line' id='line_1_22' title="bbox 144 1771 1712 1828; baseline 0.001 -14"><span class='ocrx_word' id='word_1_172' title='bbox 144 1774 374 1828; x_wconf 88' lang='lat' dir='ltr'>gesserunt</span> <span class='ocrx_word' id='word_1_173' title='bbox 417 1771 740 1826; x_wconf 81' lang='lat' dir='ltr'>prooemiorum</span> <span class='ocrx_word' id='word_1_174' title='bbox 791 1771 1060 1813; x_wconf 89' lang='lat' dir='ltr'>simillimum</span> <span class='ocrx_word' id='word_1_175' title='bbox 1105 1775 1172 1814; x_wconf 86' lang='lat' dir='ltr'>est</span> <span class='ocrx_word' id='word_1_176' title='bbox 1215 1772 1442 1815; x_wconf 88' lang='lat' dir='ltr'>Hecataei:</span> <span class='ocrx_word' id='word_1_177' title='bbox 1487 1772 1712 1824; x_wconf 75' lang='grc' dir='ltr'><em>Ἑκαταῖος</em></span> 
     </span>
     <span class='ocr_line' id='line_1_23' title="bbox 145 1839 1711 1898; baseline 0.001 -13"><span class='ocrx_word' id='word_1_178' title='bbox 145 1844 368 1898; x_wconf 82' lang='grc' dir='ltr'><em>Μιλήσιος</em></span> <span class='ocrx_word' id='word_1_179' title='bbox 405 1839 491 1884; x_wconf 83' lang='grc' dir='ltr'>ὧδε</span> <span class='ocrx_word' id='word_1_180' title='bbox 531 1846 758 1897; x_wconf 83' lang='grc' dir='ltr'><em>μυθεῖται·</em></span> <span class='ocrx_word' id='word_1_181' title='bbox 796 1842 897 1884; x_wconf 75' lang='grc' dir='ltr'><em>τάδε</em></span> <span class='ocrx_word' id='word_1_182' title='bbox 938 1842 1092 1898; x_wconf 82' lang='grc' dir='ltr'><em>γράφω</em></span> <span class='ocrx_word' id='word_1_183' title='bbox 1131 1843 1189 1893; x_wconf 82' lang='grc' dir='ltr'>ὡς</span> <span class='ocrx_word' id='word_1_184' title='bbox 1226 1842 1321 1898; x_wconf 82' lang='grc' dir='ltr'><em>ἐμοὶ</em></span> <span class='ocrx_word' id='word_1_185' title='bbox 1360 1842 1530 1898; x_wconf 81' lang='grc' dir='ltr'><em>ἀληθέα</em></span> <span class='ocrx_word' id='word_1_186' title='bbox 1570 1844 1711 1887; x_wconf 79' lang='grc' dir='ltr'><em>δοκέει</em></span> 
     </span>
     <span class='ocr_line' id='line_1_24' title="bbox 145 1911 1710 1970; baseline 0.002 -14"><span class='ocrx_word' id='word_1_187' title='bbox 145 1911 260 1956; x_wconf 83' lang='grc' dir='ltr'><em>εἶναι</em></span> <span class='ocrx_word' id='word_1_188' title='bbox 292 1917 383 1969; x_wconf 88' lang='lat' dir='ltr'>etc.‚</span> <span class='ocrx_word' id='word_1_189' title='bbox 420 1914 507 1955; x_wconf 90' lang='lat' dir='ltr'>nisi</span> <span class='ocrx_word' id='word_1_190' title='bbox 549 1914 663 1968; x_wconf 91' lang='lat' dir='ltr'>quod</span> <span class='ocrx_word' id='word_1_191' title='bbox 696 1913 1009 1955; x_wconf 90' lang='lat' dir='ltr'>dedicationem</span> <span class='ocrx_word' id='word_1_192' title='bbox 1049 1929 1218 1969; x_wconf 91' lang='lat' dir='ltr'>quoque</span> <span class='ocrx_word' id='word_1_193' title='bbox 1250 1915 1472 1970; x_wconf 90' lang='lat' dir='ltr'>prooemio</span> <span class='ocrx_word' id='word_1_194' title='bbox 1506 1916 1710 1959; x_wconf 90' lang='lat' dir='ltr'>Alcmaeo</span> 
     </span>
     <span class='ocr_line' id='line_1_25' title="bbox 145 1983 1711 2041; baseline 0.002 -14"><span class='ocrx_word' id='word_1_195' title='bbox 145 1985 341 2040; x_wconf 83' lang='lat' dir='ltr'>inseruit,</span> <span class='ocrx_word' id='word_1_196' title='bbox 375 1998 482 2039; x_wconf 88' lang='lat' dir='ltr'>quae</span> <span class='ocrx_word' id='word_1_197' title='bbox 510 1999 560 2026; x_wconf 88' lang='lat' dir='ltr'>ex</span> <span class='ocrx_word' id='word_1_198' title='bbox 587 1983 871 2040; x_wconf 88' lang='lat' dir='ltr'>epistolarum</span> <span class='ocrx_word' id='word_1_199' title='bbox 898 1984 1255 2040; x_wconf 87' lang='lat' dir='ltr'>inscriptionibus</span> <span class='ocrx_word' id='word_1_200' title='bbox 1282 1987 1514 2041; x_wconf 89' lang='lat' dir='ltr'>repetenda</span> <span class='ocrx_word' id='word_1_201' title='bbox 1545 1987 1711 2030; x_wconf 87' lang='lat' dir='ltr'>videtur</span> 
     </span>
     <span class='ocr_line' id='line_1_26' title="bbox 146 2053 1710 2113; baseline 0.003 -15"><span class='ocrx_word' id='word_1_202' title='bbox 146 2055 459 2113; x_wconf 87' lang='lat' dir='ltr'>(Wilamowitz</span> <span class='ocrx_word' id='word_1_203' title='bbox 497 2056 522 2097; x_wconf 95' lang='lat' dir='ltr'>l.</span> <span class='ocrx_word' id='word_1_204' title='bbox 558 2054 615 2112; x_wconf 89' lang='grc'><strong>1.).</strong></span> <span class='ocrx_word' id='word_1_205' title='bbox 679 2053 979 2110; x_wconf 85' lang='lat' dir='ltr'>Comparanda</span> <span class='ocrx_word' id='word_1_206' title='bbox 1017 2059 1101 2110; x_wconf 80' lang='lat' dir='ltr'>est,</span> <span class='ocrx_word' id='word_1_207' title='bbox 1146 2059 1195 2098; x_wconf 90' lang='lat' dir='ltr'>ut</span> <span class='ocrx_word' id='word_1_208' title='bbox 1233 2056 1518 2113; x_wconf 81' lang='lat' dir='ltr'>Anaxagorae</span> <span class='ocrx_word' id='word_1_209' title='bbox 1557 2074 1710 2113; x_wconf 90' lang='lat' dir='ltr'>parum</span> 
     </span>
     <span class='ocr_line' id='line_1_27' title="bbox 147 2125 1710 2184; baseline 0.001 -14"><span class='ocrx_word' id='word_1_210' title='bbox 147 2130 312 2170; x_wconf 91' lang='lat' dir='ltr'>certum</span> <span class='ocrx_word' id='word_1_211' title='bbox 339 2127 583 2182; x_wconf 86' lang='lat' dir='ltr'>exemplum</span> <span class='ocrx_word' id='word_1_212' title='bbox 594 2125 627 2184; x_wconf 79' lang='lat'>2)</span> <span class='ocrx_word' id='word_1_213' title='bbox 660 2127 850 2181; x_wconf 90' lang='lat' dir='ltr'>itemque</span> <span class='ocrx_word' id='word_1_214' title='bbox 876 2127 1168 2182; x_wconf 88' lang='lat' dir='ltr'>posteriorum</span> <span class='ocrx_word' id='word_1_215' title='bbox 1195 2128 1602 2172; x_wconf 88' lang='lat' dir='ltr'>mathematicorum</span> <span class='ocrx_word' id='word_1_216' title='bbox 1636 2131 1710 2172; x_wconf 91' lang='lat' dir='ltr'>im-</span> 
     </span>
     <span class='ocr_line' id='line_1_28' title="bbox 146 2197 1710 2258; baseline 0.002 -17"><span class='ocrx_word' id='word_1_217' title='bbox 146 2199 299 2254; x_wconf 84' lang='lat' dir='ltr'>primis</span> <span class='ocrx_word' id='word_1_218' title='bbox 314 2213 479 2240; x_wconf 90' lang='lat' dir='ltr'>morem</span> <span class='ocrx_word' id='word_1_219' title='bbox 495 2198 708 2252; x_wconf 83' lang='lat' dir='ltr'>omittam,</span> <span class='ocrx_word' id='word_1_220' title='bbox 729 2197 922 2253; x_wconf 88' lang='lat' dir='ltr'>aequalis</span> <span class='ocrx_word' id='word_1_221' title='bbox 938 2198 1215 2254; x_wconf 89' lang='lat' dir='ltr'>Empedoclis</span> <span class='ocrx_word' id='word_1_222' title='bbox 1232 2201 1498 2243; x_wconf 87' lang='lat' dir='ltr'>consuetudo</span> <span class='ocrx_word' id='word_1_223' title='bbox 1514 2199 1570 2257; x_wconf 81' lang='lat' dir='ltr'>(V.</span> <span class='ocrx_word' id='word_1_224' title='bbox 1583 2203 1602 2243; x_wconf 88' lang='lat'>1</span> <span class='ocrx_word' id='word_1_225' title='bbox 1617 2200 1710 2258; x_wconf 58' lang='lat' dir='ltr'>St).</span> 
     </span>
    </p>
   </div>
   <div class='ocr_carea' id='block_1_3' title="bbox 145 2349 1710 2764">
    <p class='ocr_par' dir='ltr' id='par_1_4' title="bbox 145 2349 1710 2635">
     <span class='ocr_line' id='line_1_29' title="bbox 146 2349 1710 2400; baseline 0.001 -12"><span class='ocrx_word' id='word_1_226' title='bbox 146 2352 344 2388; x_wconf 82' lang='lat' dir='ltr'>Praeterea</span> <span class='ocrx_word' id='word_1_227' title='bbox 369 2351 499 2388; x_wconf 90' lang='lat' dir='ltr'>eodem</span> <span class='ocrx_word' id='word_1_228' title='bbox 525 2350 636 2386; x_wconf 91' lang='lat' dir='ltr'>modo</span> <span class='ocrx_word' id='word_1_229' title='bbox 663 2351 872 2386; x_wconf 88' lang='lat' dir='ltr'>Atticorum</span> <span class='ocrx_word' id='word_1_230' title='bbox 898 2349 1037 2392; x_wconf 83' lang='grc' dir='ltr'><em>θεατάς</em></span> <span class='ocrx_word' id='word_1_231' title='bbox 1062 2353 1258 2396; x_wconf 86' lang='lat' dir='ltr'>utramque</span> <span class='ocrx_word' id='word_1_232' title='bbox 1286 2352 1546 2397; x_wconf 84' lang='lat' dir='ltr'>complectitur</span> <span class='ocrx_word' id='word_1_233' title='bbox 1571 2354 1710 2400; x_wconf 89' lang='lat' dir='ltr'>signifi-</span> 
     </span>
     <span class='ocr_line' id='line_1_30' title="bbox 147 2407 1710 2458; baseline 0.001 -11"><span class='ocrx_word' id='word_1_234' title='bbox 147 2411 332 2447; x_wconf 84' lang='lat' dir='ltr'>cationem</span> <span class='ocrx_word' id='word_1_235' title='bbox 365 2410 537 2455; x_wconf 83' lang='lat' dir='ltr'>(Hesych.</span> <span class='ocrx_word' id='word_1_236' title='bbox 563 2421 591 2444; x_wconf 84' lang='lat' dir='ltr'>s.</span> <span class='ocrx_word' id='word_1_237' title='bbox 619 2423 670 2445; x_wconf 86' lang='lat' dir='ltr'>v.:</span> <span class='ocrx_word' id='word_1_238' title='bbox 703 2408 854 2456; x_wconf 82' lang='grc' dir='ltr'><em>ὁρατός,</em></span> <span class='ocrx_word' id='word_1_239' title='bbox 885 2409 1093 2455; x_wconf 81' lang='grc' dir='ltr'><em>θεωρητός,</em></span> <span class='ocrx_word' id='word_1_240' title='bbox 1120 2407 1319 2456; x_wconf 78' lang='grc' dir='ltr'><em>ἐκλεκτός),</em></span> <span class='ocrx_word' id='word_1_241' title='bbox 1346 2423 1428 2447; x_wconf 91' lang='lat' dir='ltr'>cum</span> <span class='ocrx_word' id='word_1_242' title='bbox 1456 2411 1574 2448; x_wconf 87' lang='lat' dir='ltr'>forma</span> <span class='ocrx_word' id='word_1_243' title='bbox 1599 2424 1710 2458; x_wconf 87' lang='lat' dir='ltr'>nega-</span> 
     </span>
     <span class='ocr_line' id='line_1_31' title="bbox 148 2467 1708 2516; baseline 0.002 -12"><span class='ocrx_word' id='word_1_244' title='bbox 148 2469 225 2505; x_wconf 85' lang='lat' dir='ltr'>tiva</span> <span class='ocrx_word' id='word_1_245' title='bbox 256 2467 420 2510; x_wconf 81' lang='grc' dir='ltr'><em>ἀθέατος</em></span> <span class='ocrx_word' id='word_1_246' title='bbox 450 2469 610 2504; x_wconf 86' lang='lat' dir='ltr'>mirandi</span> <span class='ocrx_word' id='word_1_247' title='bbox 647 2469 836 2505; x_wconf 88' lang='lat' dir='ltr'>notionem</span> <span class='ocrx_word' id='word_1_248' title='bbox 875 2471 1037 2515; x_wconf 86' lang='lat' dir='ltr'>spernat.</span> <span class='ocrx_word' id='word_1_249' title='bbox 1088 2470 1255 2514; x_wconf 90' lang='lat' dir='ltr'>Denique</span> <span class='ocrx_word' id='word_1_250' title='bbox 1294 2481 1338 2506; x_wconf 88' lang='lat' dir='ltr'>ne</span> <span class='ocrx_word' id='word_1_251' title='bbox 1377 2471 1412 2505; x_wconf 87' lang='lat' dir='ltr'>in</span> <span class='ocrx_word' id='word_1_252' title='bbox 1445 2470 1528 2516; x_wconf 85' lang='lat' dir='ltr'>ipsa</span> <span class='ocrx_word' id='word_1_253' title='bbox 1560 2472 1708 2516; x_wconf 85' lang='lat' dir='ltr'>quidem</span> 
     </span>
     <span class='ocr_line' id='line_1_32' title="bbox 149 2527 1708 2576; baseline 0.002 -12"><span class='ocrx_word' id='word_1_254' title='bbox 149 2529 235 2564; x_wconf 90' lang='lat' dir='ltr'>Iade</span> <span class='ocrx_word' id='word_1_255' title='bbox 266 2528 366 2564; x_wconf 84' lang='lat' dir='ltr'>illius</span> <span class='ocrx_word' id='word_1_256' title='bbox 393 2527 677 2574; x_wconf 82' lang='lat' dir='ltr'>significationis</span> <span class='ocrx_word' id='word_1_257' title='bbox 704 2527 863 2574; x_wconf 82' lang='lat' dir='ltr'>vestigia</span> <span class='ocrx_word' id='word_1_258' title='bbox 887 2529 998 2574; x_wconf 87' lang='lat' dir='ltr'>plane</span> <span class='ocrx_word' id='word_1_259' title='bbox 1025 2529 1153 2564; x_wconf 78' lang='lat' dir='ltr'>deesse</span> <span class='ocrx_word' id='word_1_260' title='bbox 1179 2529 1289 2564; x_wconf 89' lang='lat' dir='ltr'>docet</span> <span class='ocrx_word' id='word_1_261' title='bbox 1308 2529 1513 2574; x_wconf 68' lang='lat' dir='ltr'>Hesychius</span> <span class='ocrx_word' id='word_1_262' title='bbox 1534 2531 1708 2576; x_wconf 88' lang='grc' dir='ltr'><em>(θηητής·</em></span> 
     </span>
     <span class='ocr_line' id='line_1_33' title="bbox 145 2588 313 2635; baseline -0.006 -10"><span class='ocrx_word' id='word_1_263' title='bbox 145 2588 313 2635; x_wconf 86' lang='grc' dir='ltr'><em>θεωρός).</em></span> 
     </span>
    </p>

    <p class='ocr_par' dir='ltr' id='par_1_5' title="bbox 147 2658 1710 2764">
     <span class='ocr_line' id='line_1_34' title="bbox 268 2658 1710 2705; baseline 0.001 -10"><span class='ocrx_word' id='word_1_264' title='bbox 268 2663 301 2703; x_wconf 96' lang='grc'>1)</span> <span class='ocrx_word' id='word_1_265' title='bbox 333 2659 412 2695; x_wconf 82' lang='grc' dir='ltr'>Ηοο</span> <span class='ocrx_word' id='word_1_266' title='bbox 443 2660 590 2695; x_wconf 82' lang='lat' dir='ltr'>tantum</span> <span class='ocrx_word' id='word_1_267' title='bbox 622 2659 778 2694; x_wconf 78' lang='lat' dir='ltr'>interest</span> <span class='ocrx_word' id='word_1_268' title='bbox 810 2659 908 2703; x_wconf 89' lang='lat' dir='ltr'>quod</span> <span class='ocrx_word' id='word_1_269' title='bbox 941 2658 1019 2694; x_wconf 89' lang='lat' dir='ltr'>illic</span> <span class='ocrx_word' id='word_1_270' title='bbox 1052 2660 1174 2695; x_wconf 81' lang='lat' dir='ltr'>media</span> <span class='ocrx_word' id='word_1_271' title='bbox 1211 2659 1493 2705; x_wconf 85' lang='lat' dir='ltr'>interrumpitur</span> <span class='ocrx_word' id='word_1_272' title='bbox 1525 2662 1710 2698; x_wconf 86' lang='lat' dir='ltr'>sententia</span> 
     </span>
     <span class='ocr_line' id='line_1_35' title="bbox 147 2715 1357 2764; baseline -0.003 -7"><span class='ocrx_word' id='word_1_273' title='bbox 147 2719 304 2757; x_wconf 78' lang='lat' dir='ltr'>adiectis</span> <span class='ocrx_word' id='word_1_274' title='bbox 330 2718 395 2754; x_wconf 79' lang='grc' dir='ltr'><em>καὶ</em></span> <span class='ocrx_word' id='word_1_275' title='bbox 419 2717 464 2754; x_wconf 78' lang='grc' dir='ltr'>τὰ</span> <span class='ocrx_word' id='word_1_276' title='bbox 491 2715 586 2763; x_wconf 78' lang='grc' dir='ltr'><strong><em>ἑξῆς,</em></strong></span> <span class='ocrx_word' id='word_1_277' title='bbox 612 2718 672 2753; x_wconf 89' lang='lat' dir='ltr'>hic</span> <span class='ocrx_word' id='word_1_278' title='bbox 698 2719 844 2764; x_wconf 83' lang='lat' dir='ltr'>virgula</span> <span class='ocrx_word' id='word_1_279' title='bbox 868 2718 1070 2754; x_wconf 86' lang='lat' dir='ltr'>terminata</span> <span class='ocrx_word' id='word_1_280' title='bbox 1095 2730 1173 2754; x_wconf 85' lang='lat' dir='ltr'>esse</span> <span class='ocrx_word' id='word_1_281' title='bbox 1202 2718 1357 2754; x_wconf 88' lang='lat' dir='ltr'>videtur.</span> 
     </span>
    </p>
   </div>
   <div class='ocr_carea' id='block_1_4' title="bbox 148 2789 1708 3015">
    <p class='ocr_par' dir='ltr' id='par_1_6' title="bbox 148 2789 1708 3015">
     <span class='ocr_line' id='line_1_36' title="bbox 268 2789 1708 2835; baseline 0.002 -10"><span class='ocrx_word' id='word_1_282' title='bbox 268 2791 304 2834; x_wconf 82' lang='lat'>2)</span> <span class='ocrx_word' id='word_1_283' title='bbox 332 2789 475 2824; x_wconf 89' lang='lat' dir='ltr'>Nomen</span> <span class='ocrx_word' id='word_1_284' title='bbox 501 2789 538 2824; x_wconf 90' lang='lat' dir='ltr'>in</span> <span class='ocrx_word' id='word_1_285' title='bbox 559 2789 935 2826; x_wconf 80' lang='lat' dir='ltr'>Pseudo-Aristotelis</span> <span class='ocrx_word' id='word_1_286' title='bbox 963 2790 1006 2825; x_wconf 90' lang='lat' dir='ltr'>de</span> <span class='ocrx_word' id='word_1_287' title='bbox 1033 2790 1171 2835; x_wconf 85' lang='lat' dir='ltr'>plantis</span> <span class='ocrx_word' id='word_1_288' title='bbox 1198 2790 1266 2834; x_wconf 80' lang='lat'>12,</span> <span class='ocrx_word' id='word_1_289' title='bbox 1287 2794 1354 2826; x_wconf 85' lang='grc'><strong>817</strong></span> <span class='ocrx_word' id='word_1_290' title='bbox 1377 2803 1398 2826; x_wconf 86' lang='lat' dir='ltr'>a</span> <span class='ocrx_word' id='word_1_291' title='bbox 1419 2795 1462 2826; x_wconf 85' lang='lat'>27</span> <span class='ocrx_word' id='word_1_292' title='bbox 1490 2791 1568 2826; x_wconf 86' lang='lat' dir='ltr'>sine</span> <span class='ocrx_word' id='word_1_293' title='bbox 1595 2791 1708 2828; x_wconf 85' lang='lat' dir='ltr'>dubio</span> 
     </span>
     <span class='ocr_line' id='line_1_37' title="bbox 148 2849 1708 2895; baseline 0 -9"><span class='ocrx_word' id='word_1_294' title='bbox 148 2851 363 2895; x_wconf 86' lang='lat' dir='ltr'>corruptum</span> <span class='ocrx_word' id='word_1_295' title='bbox 389 2859 432 2884; x_wconf 86' lang='lat' dir='ltr'>ac</span> <span class='ocrx_word' id='word_1_296' title='bbox 458 2861 524 2894; x_wconf 87' lang='lat' dir='ltr'>per</span> <span class='ocrx_word' id='word_1_297' title='bbox 549 2851 607 2885; x_wconf 79' lang='lat' dir='ltr'>tot</span> <span class='ocrx_word' id='word_1_298' title='bbox 631 2849 879 2894; x_wconf 84' lang='lat' dir='ltr'>interpretum</span> <span class='ocrx_word' id='word_1_299' title='bbox 904 2860 1035 2884; x_wconf 83' lang='lat' dir='ltr'>manus</span> <span class='ocrx_word' id='word_1_300' title='bbox 1060 2849 1219 2885; x_wconf 78' lang='lat' dir='ltr'>traditus</span> <span class='ocrx_word' id='word_1_301' title='bbox 1246 2861 1290 2885; x_wconf 91' lang='lat' dir='ltr'>ne</span> <span class='ocrx_word' id='word_1_302' title='bbox 1312 2861 1439 2885; x_wconf 83' lang='lat' dir='ltr'>sensus</span> <span class='ocrx_word' id='word_1_303' title='bbox 1465 2851 1614 2895; x_wconf 87' lang='lat' dir='ltr'>quidem</span> <span class='ocrx_word' id='word_1_304' title='bbox 1637 2852 1708 2887; x_wconf 85' lang='lat' dir='ltr'>loci</span> 
     </span>
     <span class='ocr_line' id='line_1_38' title="bbox 149 2908 1707 2946; baseline 0.001 -2"><span class='ocrx_word' id='word_1_305' title='bbox 149 2914 270 2945; x_wconf 80' lang='lat' dir='ltr'>certus</span> <span class='ocrx_word' id='word_1_306' title='bbox 297 2910 363 2944; x_wconf 79' lang='lat' dir='ltr'>est.</span> <span class='ocrx_word' id='word_1_307' title='bbox 384 2929 429 2934; x_wconf 97' lang='lat'><strong>—</strong></span> <span class='ocrx_word' id='word_1_308' title='bbox 453 2908 714 2944; x_wconf 85' lang='lat' dir='ltr'>Alcmaeonem</span> <span class='ocrx_word' id='word_1_309' title='bbox 745 2908 871 2944; x_wconf 88' lang='lat' dir='ltr'>omisit</span> <span class='ocrx_word' id='word_1_310' title='bbox 896 2908 1142 2944; x_wconf 82' lang='lat' dir='ltr'>Graefenhain</span> <span class='ocrx_word' id='word_1_311' title='bbox 1171 2910 1222 2944; x_wconf 86' lang='lat' dir='ltr'>De</span> <span class='ocrx_word' id='word_1_312' title='bbox 1242 2920 1343 2945; x_wconf 88' lang='lat' dir='ltr'>more</span> <span class='ocrx_word' id='word_1_313' title='bbox 1370 2909 1483 2945; x_wconf 84' lang='lat' dir='ltr'>libros</span> <span class='ocrx_word' id='word_1_314' title='bbox 1510 2909 1707 2946; x_wconf 87' lang='lat' dir='ltr'>dedicandi</span> 
     </span>
     <span class='ocr_line' id='line_1_39' title="bbox 151 2966 1708 3015; baseline 0.001 -11"><span class='ocrx_word' id='word_1_315' title='bbox 151 2968 250 3014; x_wconf 85' lang='lat' dir='ltr'>apud</span> <span class='ocrx_word' id='word_1_316' title='bbox 284 2967 481 3013; x_wconf 83' lang='lat' dir='ltr'>scriptores</span> <span class='ocrx_word' id='word_1_317' title='bbox 507 2966 667 3003; x_wconf 88' lang='lat' dir='ltr'>Graecos</span> <span class='ocrx_word' id='word_1_318' title='bbox 694 2969 732 3003; x_wconf 90' lang='lat' dir='ltr'>et</span> <span class='ocrx_word' id='word_1_319' title='bbox 756 2967 942 3003; x_wconf 78' lang='lat' dir='ltr'>Romanos</span> <span class='ocrx_word' id='word_1_320' title='bbox 975 2968 1085 3004; x_wconf 89' lang='lat' dir='ltr'>obvio</span> <span class='ocrx_word' id='word_1_321' title='bbox 1118 2967 1325 3014; x_wconf 86' lang='lat' dir='ltr'>(Marburgi</span> <span class='ocrx_word' id='word_1_322' title='bbox 1352 2972 1441 3005; x_wconf 80' lang='lat'>1892</span> <span class='ocrx_word' id='word_1_323' title='bbox 1470 2969 1562 3004; x_wconf 77' lang='lat' dir='ltr'>Dies.</span> <span class='ocrx_word' id='word_1_324' title='bbox 1590 2969 1708 3015; x_wconf 88' lang='lat' dir='ltr'>phil.).</span> 
     </span>
    </p>
   </div>
   <div class='ocr_carea' id='block_1_5' title="bbox 2121 1450 2125 2980">
    <p class='ocr_par' dir='ltr' id='par_1_7' title="bbox 2121 1450 2125 2980">
     <span class='ocr_line' id='line_1_40' title="bbox 2121 1450 2125 2980; baseline 0 0"><span class='ocrx_word' id='word_1_325' title='bbox 2121 1450 2125 2980; x_wconf 95' lang='lat' dir='ltr'> </span> 
     </span>
    </p>
   </div>
  </div>
 </body>
</html>
