2125 3439
734 245 1024 286 —49—

97 350 213 395 aliud
240 355 306 395 est
330 352 378 395 τὸ
407 353 586 407 στίλβον
611 353 694 394 nisi
714 353 762 394 τὸ
783 359 870 407 πῦρ
897 367 974 394 nec
994 353 1041 394 τὸ
1063 349 1272 406 ὃιαφανές
1296 351 1379 392 nisi
1401 351 1448 392 τὸ
1472 347 1656 406 ὕδωρῑ),

96 439 203 480 quae
236 425 279 466 in
313 424 418 479 ipsis
451 423 587 465 oculis
621 424 768 464 insunt
804 427 932 477 atque
965 423 1026 464 eis
1060 437 1167 476 quae
1200 422 1497 477 percipiuntur
1531 421 1658 463 rebus

97 495 318 551 offulgent.
360 494 512 549 Itaque
539 496 614 534 aut
635 493 806 548 egregie
835 492 961 533 fallor
988 496 1063 533 aut
1090 492 1197 534 illud
1224 494 1367 547 ipsum
1395 493 1508 547 quod
1533 495 1662 546 caput

96 568 138 607 et
164 579 331 607 summa
357 567 422 606 est
448 563 667 605 doctrinae
688 563 990 616 Aristoteleae,
1017 564 1106 604 scil.
1134 564 1272 605 visum
1299 564 1391 606 fieri
1418 578 1503 605 non
1535 577 1660 618 posse

91 636 175 678 nisi
205 634 495 676 intercedente
527 634 746 688 perlucido
782 634 967 688 quodam
1000 633 1111 674 inter
1151 635 1344 675 sensoria
1383 650 1431 676 ac
1466 650 1532 676 res
1568 649 1661 688 per-

96 705 326 761 cipiendas,
352 705 405 746 ab
427 704 689 746 Alcmaeone
709 704 834 759 plane
855 704 1043 745 alienum
1065 707 1142 745 est.
1188 703 1309 758 Ignis
1332 709 1476 746 autem
1500 705 1662 746 mentio

95 775 207 830 apud
241 774 478 817 Stobaeum
517 776 677 818 omissa
715 779 781 817 est
820 775 908 817 sive
947 774 1221 816 librariorum
1264 775 1531 830 negligentia
1571 776 1660 816 sive

93 847 228 902 ipsius
267 845 460 902 Stobaei,
504 846 556 887 ad
596 861 723 901 quem
768 861 816 888 eo
855 846 1026 888 facilius
1068 845 1178 887 hanc
1218 846 1389 900 culpam
1435 846 1661 886 transferri

92 932 219 973 posse
251 921 369 973 puto,
401 932 499 959 cum
525 917 569 958 in
595 917 768 959 ineunte
794 917 1042 959 narratione
1068 917 1371 972 neglegentius
1406 916 1520 971 ignis
1549 931 1662 958 men-

95 988 257 1030 tionem
296 988 620 1043 Theophrastus
659 987 861 1030 moverit:
906 987 1168 1042 ὀφθαλμοὺς
1207 985 1255 1028 δὲ
1295 986 1426 1041 ὁρᾶν
1471 987 1544 1028 ὁιὰ
1582 994 1662 1029 τοῦ

93 1057 216 1113 πέριξ
250 1059 426 1108 ὕδατος·
467 1059 532 1100 ὅτι
567 1057 607 1100 δ’
642 1059 748 1114 ἔχει
780 1064 867 1110 πῦρ
899 1062 988 1099 κτλ.
1051 1057 1142 1100 Nec
1176 1073 1324 1100 verum
1362 1072 1454 1099 esse
1493 1058 1536 1099 in
1570 1059 1662 1099 solo

98 1129 309 1183 διαφανεῖ
343 1129 649 1171 Alcmaeonem
688 1129 829 1170 visum
871 1129 1067 1183 posuisse
1112 1129 1208 1171 inde
1254 1143 1423 1184 quoque
1471 1133 1663 1183 apparet,

99 1200 211 1254 quod
250 1199 354 1241 haec
388 1199 533 1254 opinio
574 1199 756 1242 Clidemi
796 1200 913 1241 [ὄιον
945 1199 1076 1241 fuisse
1112 1199 1269 1242 dicitur
1301 1199 1407 1242 Dox.
1444 1201 1548 1254 510,
1581 1200 1663 1256 4¹)

96 1270 234 1312 Immo
268 1271 312 1312 in
343 1270 435 1326 igni
461 1270 690 1325 praecipue
720 1270 890 1317 videndi
923 1271 1009 1311 vim
1042 1270 1123 1312 niti
1151 1269 1451 1312 Crotoniatam
1486 1273 1662 1326 putasse

96 1342 252 1391 elucet,
290 1344 443 1395 utpote
483 1341 556 1395 qui
596 1355 752 1395 aquam
792 1341 1057 1383 circumdare
1096 1341 1239 1396 ipsum
1277 1341 1493 1398 oculum2)
1531 1343 1662 1384 dicat:

98 1413 359 1468 ὀφθαλμοὺς
392 1410 439 1453 δὲ
473 1411 581 1465 ὁρᾶν
614 1412 699 1453 διὰ
731 1418 809 1454 τοῦ
841 1411 987 1466 πέριξ
1020 1412 1191 1462 ὕδατος.
1254 1413 1323 1454 Ab
1356 1413 1437 1454 hoc
1469 1416 1660 1467 repeten-

96 1483 197 1524 dum
231 1498 322 1525 esse
355 1498 432 1538 pro
466 1486 584 1524 certo
618 1483 770 1537 habeo,
804 1483 917 1537 quod
951 1498 1099 1524 omnes
1131 1483 1219 1524 fere
1250 1486 1350 1524 ante
1377 1484 1660 1525 Aristotelem

96 1554 346 1608 philosophi
392 1554 537 1610 ignem
581 1554 624 1595 in
670 1554 805 1595 oculis
850 1554 990 1596 inesse
1034 1557 1314 1610 putaverunt3
1366 1570 1501 1610 neque
1547 1555 1661 1597 enim

97 1625 226 1666 aliam
258 1625 386 1666 huius
420 1625 635 1680 opinionis
668 1639 840 1667 causam
875 1625 1026 1666 afferre
1059 1625 1258 1667 solebant
1290 1626 1374 1667 nisi
1408 1641 1535 1680 quam
1567 1627 1662 1668 Alc-

95 1696 287 1737 maeonis
314 1695 448 1737 fuisse
480 1695 550 1738 hic
577 1696 788 1738 videmus:
821 1701 998 1738 ποιοῦσι
1026 1693 1074 1737 δὲ
1100 1696 1258 1746 πάντες
1287 1698 1367 1751 τὴν
1393 1698 1497 1747 ὄψιν
1525 1698 1664 1751 πυρὸς

95 1767 168 1808 διὰ
199 1768 248 1809 τὸ
280 1766 456 1816 πάθους
486 1768 605 1816 τινὸς
637 1765 816 1820 ἀγνοεῖν
848 1768 927 1821 τὴν
960 1767 1122 1808 αἰτίαν·
1161 1766 1435 1821 θλιβομένου
1477 1769 1558 1822 γὰρ
1591 1767 1662 1810 καὶ

93 1836 359 1892 κινουμένου
397 1844 476 1879 τοῦ
515 1838 753 1892 ὀφθαλμοῦ
792 1840 994 1892 φαίνεται
1033 1844 1120 1892 πῦρ
1160 1837 1394 1893 ἐκλάμπειν
1438 1839 1592 1894 (Arist.
1625 1840 1662 1880 d.

96 1924 204 1951 sens.
233 1911 258 1950 2
291 1923 387 1964 pag.
415 1909 497 1949 437
528 1923 552 1950 a
578 1906 666 1964 23).

213 1979 364 2035 Ignem
410 1980 463 2021 ab
509 1995 620 2035 aqua
665 1980 977 2022 circumdatum
1022 1980 1163 2021 medio
1206 1980 1250 2021 in
1293 1981 1434 2035 oculo,
1477 1981 1518 2022 h.
1545 1996 1578 2023 e.
1618 1982 1661 2023 in

94 2044 273 2106 pupula,
312 2050 460 2092 eodem
501 2065 584 2105 quo
619 2051 822 2093 Alcmaeo
862 2051 988 2092 modo
1028 2051 1152 2106 ponit
1190 2051 1496 2107 Empedocles,
1535 2068 1661 2107 quem

95 2137 172 2164 sua
210 2122 260 2163 de
300 2122 412 2163 oculi
453 2124 671 2163 structura
708 2122 869 2176 placita
907 2138 957 2163 ex
997 2122 1272 2164 Alcmaeonis
1317 2124 1427 2165 libro
1466 2123 1662 2166 hausisse

95 2193 333 2235 clarissime
372 2193 563 2234 ostendit
592 2192 807 2234 Dielesius
847 2192 911 2249 (in
948 2193 1114 2235 dissert.
1149 2193 1199 2234 de
1231 2193 1394 2249 Gorgia
1432 2198 1475 2236 et
1507 2195 1662 2250 Empe-

94 2264 213 2306 docle
246 2265 270 2305 l.
293 2263 350 2320 1.).

213 2335 346 2377 Vides
364 2335 680 2387 Alcmaeonem,
702 2335 842 2390 qualis
865 2349 890 2375 a
906 2335 1207 2405 Theophrasto
1229 2335 1499 2390 describitur,
1521 2337 1660 2392 magis

219 2512 254 2556 1)
280 2510 336 2545 Ab
362 2509 566 2545 Aristotele
599 2521 745 2554 quoque
771 2510 919 2555 saepius
946 2511 1044 2546 oculi
1076 2512 1270 2546 humorem
1296 2512 1479 2556 appellari
1511 2513 1552 2547 τὸ
1579 2515 1661 2548 δια-

97 2567 216 2615 φανὲς
252 2570 346 2604 inter
373 2579 500 2604 omnes
527 2571 675 2603 constat
706 2570 765 2613 (cf.
793 2569 826 2604 d.
849 2581 957 2604 sensu
983 2573 1052 2604 438
1075 2570 1098 2604 b
1125 2575 1163 2613 6,
1190 2574 1258 2605 438
1292 2582 1314 2603 a
1346 2574 1404 2612 143
1432 2571 1465 2605 d.
1493 2584 1574 2614 gen.
1602 2585 1659 2608 an.

98 2633 165 2665 780
194 2642 216 2664 a.
246 2632 292 2673 3).
344 2628 450 2662 Haud
479 2639 583 2662 secus
611 2627 860 2672 Ps.-llippocr.
889 2629 934 2662 de
959 2628 1074 2673 princ.
1105 2632 1145 2663 17
1172 2629 1270 2672 (VIII
1298 2634 1377 2673 606,
1404 2635 1424 2664 3
1446 2630 1510 2674 L.):
1544 2632 1660 2666 πολλὰ

96 2687 136 2723 δὲ
169 2686 274 2723 ταῦτ’
305 2684 380 2722 ἐστὶ
411 2687 456 2722 τὰ
488 2685 653 2731 δέρματα
686 2686 757 2731 πρὸ
790 2692 854 2721 τοῦ
887 2685 1058 2731 ὑρέοντος
1090 2686 1282 2732 διαφανέα
1316 2687 1442 2723 ὁκοῖόν
1467 2702 1536 2734 περ
1569 2690 1660 2725 αὐτό

97 2745 188 2783 ἐστι·
216 2747 333 2794 τούτῳ
360 2747 429 2792 γὰρ
455 2747 504 2794 τῷ
532 2748 719 2790 διαφανεῖ
739 2746 923 2791 ἀνταυγεῖ
945 2746 1037 2790 (scil.
1067 2747 1209 2791 oculus)
1234 2747 1274 2781 τὸ
1301 2753 1380 2791 φῶς
1412 2748 1475 2782 καὶ
1500 2748 1544 2782 τὰ
1572 2752 1660 2795 λαμ-

96 2807 172 2851 πρὰ
198 2806 333 2842 πάντα.
385 2806 437 2840 Cf.
461 2807 550 2841 Dox.
572 2810 651 2847 510,
674 2811 692 2839 4
715 2807 920 2851 Κλείὸημος
946 2804 1208 2840 αἰσθάνεσθαί
1230 2817 1321 2850 φησι
1348 2811 1423 2847 τοίς
1449 2807 1661 2854 ὀφθαλμοῖς

97 2865 212 2911 μόνον
239 2865 294 2900 ’ὄτι
320 2867 530 2910 διαφανεῖς.

215 2927 251 2967 2)
278 2924 313 2958 h.
341 2935 369 2958 e.
397 2925 586 2969 pupulam.
642 2925 733 2958 Nam
767 2925 858 2959 haec
890 2927 947 2959 eet
980 2924 1166 2970 βέλτιστον
1199 2925 1400 2970 ὀφθαλμοῦ
1433 2926 1497 2960 καὶ
1530 2921 1557 2971 ᾧ
1591 2927 1658 2976 ὁρᾷ

95 2984 203 3020 Plato
230 2983 347 3018 Alcib.
376 2984 476 3028 prior
501 2996 535 3028 p.
561 2989 624 3017 133
643 2984 680 3018 A.

168 3049 377 3082 Wacktlvr,
398 3050 433 3073 d·-
458 3050 638 3074 Alcmaeone
660 3051 835 3075 Crotoniuta
1353 3049 1372 3078 4
