<?xml version="1.0" encoding="UTF-8"?>
<!DOCTYPE html PUBLIC "-//W3C//DTD XHTML 1.0 Transitional//EN"
    "http://www.w3.org/TR/xhtml1/DTD/xhtml1-transitional.dtd">
<html xmlns="http://www.w3.org/1999/xhtml" xml:lang="en" lang="en">
 <head>
  <title>
</title>
<meta http-equiv="Content-Type" content="text/html;charset=utf-8" />
  <meta name='ocr-system' content='tesseract 3.04.00' />
  <meta name='ocr-capabilities' content='ocr_page ocr_carea ocr_par ocr_line ocrx_word'/>
</head>
<body>
  <div class='ocr_page' id='page_1' title='image "./dealcmaeonecroto00wachuoft_0007.png"; bbox 0 0 2125 3439; ppageno 0'>
   <div class='ocr_carea' id='block_1_1' title="bbox 758 690 1242 750">
    <p class='ocr_par' dir='ltr' id='par_1_1' title="bbox 758 690 1242 750">
     <span class='ocr_line' id='line_1_1' title="bbox 758 690 1242 750; baseline 0.002 -14"><span class='ocrx_word' id='word_1_1' title='bbox 758 690 1013 736; x_wconf 76' lang='lat' dir='ltr'>Prima</span> <span class='ocrx_word' id='word_1_2' title='bbox 1057 702 1242 750; x_wconf 62' lang='lat' dir='ltr'>pars,</span> 
     </span>
    </p>
   </div>
   <div class='ocr_carea' id='block_1_2' title="bbox 542 855 1460 913">
    <p class='ocr_par' dir='ltr' id='par_1_2' title="bbox 542 855 1460 913">
     <span class='ocr_line' id='line_1_2' title="bbox 542 855 1460 913; baseline -0.002 -10"><span class='ocrx_word' id='word_1_3' title='bbox 542 859 601 904; x_wconf 84' lang='lat' dir='ltr'><em>De</em></span> <span class='ocrx_word' id='word_1_4' title='bbox 641 858 921 903; x_wconf 79' lang='lat' dir='ltr'>Alcmaeonis</span> <span class='ocrx_word' id='word_1_5' title='bbox 960 859 1129 913; x_wconf 85' lang='lat' dir='ltr'>aetate,</span> <span class='ocrx_word' id='word_1_6' title='bbox 1170 857 1286 911; x_wconf 84' lang='lat' dir='ltr'>vita,</span> <span class='ocrx_word' id='word_1_7' title='bbox 1327 855 1460 901; x_wconf 80' lang='lat' dir='ltr'>libro.</span> 
     </span>
    </p>
   </div>
   <div class='ocr_carea' id='block_1_3' title="bbox 221 958 1789 2646">
    <p class='ocr_par' dir='ltr' id='par_1_3' title="bbox 221 958 1789 2646">
     <span class='ocr_line' id='line_1_3' title="bbox 340 958 1781 1015; baseline -0.003 -13"><span class='ocrx_word' id='word_1_8' title='bbox 340 961 545 1004; x_wconf 77' lang='lat' dir='ltr'>Alcmaeo</span> <span class='ocrx_word' id='word_1_9' title='bbox 586 960 840 1002; x_wconf 81' lang='lat' dir='ltr'>Crotoniata</span> <span class='ocrx_word' id='word_1_10' title='bbox 884 961 1040 1015; x_wconf 85' lang='lat' dir='ltr'>quibus</span> <span class='ocrx_word' id='word_1_11' title='bbox 1080 960 1348 1014; x_wconf 76' lang='lat' dir='ltr'>temporibus</span> <span class='ocrx_word' id='word_1_12' title='bbox 1388 958 1543 999; x_wconf 82' lang='lat' dir='ltr'>vixerit</span> <span class='ocrx_word' id='word_1_13' title='bbox 1581 972 1781 1012; x_wconf 76' lang='lat' dir='ltr'>quaeren-</span> 
     </span>
     <span class='ocr_line' id='line_1_4' title="bbox 221 1028 1781 1081; baseline -0.004 -8"><span class='ocrx_word' id='word_1_14' title='bbox 221 1033 338 1073; x_wconf 77' lang='lat' dir='ltr'>tibus</span> <span class='ocrx_word' id='word_1_15' title='bbox 371 1033 674 1074; x_wconf 78' lang='lat' dir='ltr'>celeberrimus</span> <span class='ocrx_word' id='word_1_16' title='bbox 702 1033 826 1074; x_wconf 85' lang='lat' dir='ltr'>nobis</span> <span class='ocrx_word' id='word_1_17' title='bbox 854 1033 1042 1073; x_wconf 81' lang='lat' dir='ltr'>occurrit</span> <span class='ocrx_word' id='word_1_18' title='bbox 1068 1031 1319 1072; x_wconf 84' lang='lat' dir='ltr'>Aristotelis</span> <span class='ocrx_word' id='word_1_19' title='bbox 1348 1030 1419 1070; x_wconf 79' lang='lat' dir='ltr'>ille</span> <span class='ocrx_word' id='word_1_20' title='bbox 1446 1029 1566 1070; x_wconf 81' lang='lat' dir='ltr'>locus</span> <span class='ocrx_word' id='word_1_21' title='bbox 1595 1028 1781 1081; x_wconf 57' lang='lat' dir='ltr'>Mutaph.</span> 
     </span>
     <span class='ocr_line' id='line_1_5' title="bbox 227 1098 1783 1157; baseline -0.004 -12"><span class='ocrx_word' id='word_1_22' title='bbox 227 1106 256 1145; x_wconf 89' lang='grc' dir='ltr'>Α</span> <span class='ocrx_word' id='word_1_23' title='bbox 282 1106 309 1143; x_wconf 75' lang='grc' dir='ltr'><em>ι’)</em></span> <span class='ocrx_word' id='word_1_24' title='bbox 341 1119 379 1157; x_wconf 93' lang='lat' dir='ltr'><em>p.</em></span> <span class='ocrx_word' id='word_1_25' title='bbox 401 1105 519 1145; x_wconf 57' lang='lat'><em>981322</em></span> <span class='ocrx_word' id='word_1_26' title='bbox 546 1104 619 1144; x_wconf 77' lang='lat'><em>22:</em></span> <span class='ocrx_word' id='word_1_27' title='bbox 659 1103 796 1156; x_wconf 78' lang='grc' dir='ltr'><em>ἕτεροι</em></span> <span class='ocrx_word' id='word_1_28' title='bbox 830 1101 877 1144; x_wconf 74' lang='grc' dir='ltr'><em>δὲ</em></span> <span class='ocrx_word' id='word_1_29' title='bbox 910 1110 996 1144; x_wconf 88' lang='grc' dir='ltr'><em>τῶν</em></span> <span class='ocrx_word' id='word_1_30' title='bbox 1030 1103 1175 1144; x_wconf 87' lang='grc' dir='ltr'><em>αὐτῶν</em></span> <span class='ocrx_word' id='word_1_31' title='bbox 1206 1103 1376 1144; x_wconf 86' lang='grc' dir='ltr'><em>τούτων</em></span> <span class='ocrx_word' id='word_1_32' title='bbox 1407 1102 1481 1149; x_wconf 71' lang='grc' dir='ltr'><em>τὰς</em></span> <span class='ocrx_word' id='word_1_33' title='bbox 1514 1100 1646 1154; x_wconf 43' lang='grc' dir='ltr'><em>ἀρχὰ,1</em></span> <span class='ocrx_word' id='word_1_34' title='bbox 1680 1098 1783 1140; x_wconf 84' lang='grc' dir='ltr'><em>ὀέκα</em></span> 
     </span>
     <span class='ocr_line' id='line_1_6' title="bbox 222 1169 1783 1228; baseline -0.003 -14"><span class='ocrx_word' id='word_1_35' title='bbox 222 1172 427 1227; x_wconf 84' lang='grc' dir='ltr'><em>λέγουσιν</em></span> <span class='ocrx_word' id='word_1_36' title='bbox 459 1171 571 1215; x_wconf 80' lang='grc' dir='ltr'><em>εἶναι</em></span> <span class='ocrx_word' id='word_1_37' title='bbox 604 1174 680 1223; x_wconf 78' lang='grc' dir='ltr'><em>τὰς</em></span> <span class='ocrx_word' id='word_1_38' title='bbox 710 1174 816 1214; x_wconf 78' lang='grc' dir='ltr'><em>κατὰ</em></span> <span class='ocrx_word' id='word_1_39' title='bbox 845 1176 1098 1228; x_wconf 81' lang='grc' dir='ltr'><em>συστοιχίαν</em></span> <span class='ocrx_word' id='word_1_40' title='bbox 1126 1172 1376 1227; x_wconf 74' lang='grc' dir='ltr'><em>λεγομένας,</em></span> <span class='ocrx_word' id='word_1_41' title='bbox 1407 1170 1540 1224; x_wconf 62' lang='grc' dir='ltr'><em>πέρας</em></span> <span class='ocrx_word' id='word_1_42' title='bbox 1566 1169 1637 1211; x_wconf 83' lang='grc' dir='ltr'><em>καὶ</em></span> <span class='ocrx_word' id='word_1_43' title='bbox 1664 1171 1783 1210; x_wconf 77' lang='grc' dir='ltr'><em>ἄπει-</em></span> 
     </span>
     <span class='ocr_line' id='line_1_7' title="bbox 222 1241 1783 1298; baseline -0.003 -13"><span class='ocrx_word' id='word_1_44' title='bbox 222 1260 317 1297; x_wconf 89' lang='grc' dir='ltr'><em>ρον,</em></span> <span class='ocrx_word' id='word_1_45' title='bbox 348 1246 550 1298; x_wconf 84' lang='grc' dir='ltr'><em>περιττὸν</em></span> <span class='ocrx_word' id='word_1_46' title='bbox 582 1242 654 1285; x_wconf 84' lang='grc' dir='ltr'><em>καὶ</em></span> <span class='ocrx_word' id='word_1_47' title='bbox 680 1245 847 1297; x_wconf 77' lang='grc' dir='ltr'><em>ἄρτιον,</em></span> <span class='ocrx_word' id='word_1_48' title='bbox 879 1245 926 1284; x_wconf 76' lang='grc' dir='ltr'><em>ἓν</em></span> <span class='ocrx_word' id='word_1_49' title='bbox 952 1243 1023 1285; x_wconf 85' lang='grc' dir='ltr'><em>καὶ</em></span> <span class='ocrx_word' id='word_1_50' title='bbox 1050 1247 1233 1297; x_wconf 76' lang='grc' dir='ltr'><em>πλῆθος,</em></span> <span class='ocrx_word' id='word_1_51' title='bbox 1267 1243 1412 1293; x_wconf 79' lang='grc' dir='ltr'><em>δεξιὸν</em></span> <span class='ocrx_word' id='word_1_52' title='bbox 1438 1241 1508 1283; x_wconf 86' lang='grc' dir='ltr'><em>καὶ</em></span> <span class='ocrx_word' id='word_1_53' title='bbox 1536 1241 1783 1294; x_wconf 80' lang='grc' dir='ltr'><em>ἀριστερόν,</em></span> 
     </span>
     <span class='ocr_line' id='line_1_8' title="bbox 222 1312 1785 1369; baseline -0.003 -13"><span class='ocrx_word' id='word_1_54' title='bbox 222 1316 354 1369; x_wconf 79' lang='grc' dir='ltr'><em>ἄρρεν</em></span> <span class='ocrx_word' id='word_1_55' title='bbox 387 1313 459 1356; x_wconf 90' lang='grc' dir='ltr'><em>καὶ</em></span> <span class='ocrx_word' id='word_1_56' title='bbox 490 1318 621 1368; x_wconf 83' lang='grc' dir='ltr'><em>θῆλυ,</em></span> <span class='ocrx_word' id='word_1_57' title='bbox 657 1315 849 1369; x_wconf 85' lang='grc' dir='ltr'><em>ἠρεμοῦν</em></span> <span class='ocrx_word' id='word_1_58' title='bbox 881 1313 951 1356; x_wconf 83' lang='grc' dir='ltr'><em>καὶ</em></span> <span class='ocrx_word' id='word_1_59' title='bbox 984 1316 1262 1368; x_wconf 83' lang='grc' dir='ltr'><em>κινούμενον,</em></span> <span class='ocrx_word' id='word_1_60' title='bbox 1295 1314 1409 1355; x_wconf 81' lang='grc' dir='ltr'><em>εὐθὺ</em></span> <span class='ocrx_word' id='word_1_61' title='bbox 1442 1312 1512 1354; x_wconf 85' lang='grc' dir='ltr'><em>καὶ</em></span> <span class='ocrx_word' id='word_1_62' title='bbox 1539 1312 1785 1365; x_wconf 87' lang='grc' dir='ltr'><em>καμπύλον,</em></span> 
     </span>
     <span class='ocr_line' id='line_1_9' title="bbox 224 1382 1785 1439; baseline -0.003 -12"><span class='ocrx_word' id='word_1_63' title='bbox 224 1393 317 1439; x_wconf 79' lang='grc' dir='ltr'><em>φῶς</em></span> <span class='ocrx_word' id='word_1_64' title='bbox 341 1384 412 1427; x_wconf 84' lang='grc' dir='ltr'><em>καὶ</em></span> <span class='ocrx_word' id='word_1_65' title='bbox 440 1388 606 1438; x_wconf 80' lang='grc' dir='ltr'><em>σκότος,</em></span> <span class='ocrx_word' id='word_1_66' title='bbox 638 1385 810 1439; x_wconf 81' lang='grc' dir='ltr'><em>ἀγαθὸν</em></span> <span class='ocrx_word' id='word_1_67' title='bbox 836 1384 907 1426; x_wconf 85' lang='grc' dir='ltr'><em>καὶ</em></span> <span class='ocrx_word' id='word_1_68' title='bbox 935 1387 1085 1438; x_wconf 85' lang='grc' dir='ltr'><em>κακόν,</em></span> <span class='ocrx_word' id='word_1_69' title='bbox 1111 1386 1387 1438; x_wconf 77' lang='grc' dir='ltr'><em>τετράγωνον</em></span> <span class='ocrx_word' id='word_1_70' title='bbox 1419 1383 1491 1425; x_wconf 86' lang='grc' dir='ltr'><em>καὶ</em></span> <span class='ocrx_word' id='word_1_71' title='bbox 1519 1382 1785 1436; x_wconf 72' lang='grc' dir='ltr'><em>ἑτερόμηκες.</em></span> 
     </span>
     <span class='ocr_line' id='line_1_10' title="bbox 223 1453 1783 1511; baseline -0.003 -13"><span class='ocrx_word' id='word_1_72' title='bbox 223 1457 357 1510; x_wconf 82' lang='grc' dir='ltr'><em>ὅνπερ</em></span> <span class='ocrx_word' id='word_1_73' title='bbox 395 1458 558 1511; x_wconf 86' lang='grc' dir='ltr'><em>τρόπον</em></span> <span class='ocrx_word' id='word_1_74' title='bbox 597 1459 708 1499; x_wconf 79' lang='grc' dir='ltr'><em>ἔοικε</em></span> <span class='ocrx_word' id='word_1_75' title='bbox 746 1455 818 1498; x_wconf 86' lang='grc' dir='ltr'><em>καὶ</em></span> <span class='ocrx_word' id='word_1_76' title='bbox 846 1453 1089 1511; x_wconf 77' lang='grc' dir='ltr'><em>Ἀλκμαίων</em></span> <span class='ocrx_word' id='word_1_77' title='bbox 1128 1457 1150 1499; x_wconf 88' lang='grc' dir='ltr'>ὁ</span> <span class='ocrx_word' id='word_1_78' title='bbox 1186 1455 1492 1509; x_wconf 76' lang='grc' dir='ltr'><em>Κροτωνιάτης</em></span> <span class='ocrx_word' id='word_1_79' title='bbox 1529 1454 1783 1507; x_wconf 71' lang='grc' dir='ltr'><em>ὑπολαβεῖν,</em></span> 
     </span>
     <span class='ocr_line' id='line_1_11' title="bbox 225 1523 1785 1581; baseline -0.004 -12"><span class='ocrx_word' id='word_1_80' title='bbox 225 1527 295 1569; x_wconf 83' lang='grc' dir='ltr'><em>καὶ</em></span> <span class='ocrx_word' id='word_1_81' title='bbox 326 1529 422 1581; x_wconf 79' lang='grc' dir='ltr'><em>ἤτοι</em></span> <span class='ocrx_word' id='word_1_82' title='bbox 455 1525 581 1576; x_wconf 66' lang='grc' dir='ltr'><em>οὗτος</em></span> <span class='ocrx_word' id='word_1_83' title='bbox 612 1525 710 1581; x_wconf 81' lang='grc' dir='ltr'><em>παρ’</em></span> <span class='ocrx_word' id='word_1_84' title='bbox 746 1527 926 1569; x_wconf 85' lang='grc' dir='ltr'><em>ἐκείνων</em></span> <span class='ocrx_word' id='word_1_85' title='bbox 958 1526 983 1580; x_wconf 73' lang='grc' dir='ltr'>ἢ</span> <span class='ocrx_word' id='word_1_86' title='bbox 1017 1527 1174 1569; x_wconf 81' lang='grc' dir='ltr'><em>ἐκεῖνοι</em></span> <span class='ocrx_word' id='word_1_87' title='bbox 1208 1527 1323 1581; x_wconf 80' lang='grc' dir='ltr'><em>παρὰ</em></span> <span class='ocrx_word' id='word_1_88' title='bbox 1349 1527 1509 1567; x_wconf 90' lang='grc' dir='ltr'><em>τούτου</em></span> <span class='ocrx_word' id='word_1_89' title='bbox 1535 1523 1785 1577; x_wconf 78' lang='grc' dir='ltr'><em>παρέλαβον</em></span> 
     </span>
     <span class='ocr_line' id='line_1_12' title="bbox 224 1593 1785 1652; baseline -0.003 -13"><span class='ocrx_word' id='word_1_90' title='bbox 224 1599 301 1640; x_wconf 84' lang='grc' dir='ltr'><em>τὸν</em></span> <span class='ocrx_word' id='word_1_91' title='bbox 333 1600 466 1651; x_wconf 91' lang='grc' dir='ltr'><em>λόγον</em></span> <span class='ocrx_word' id='word_1_92' title='bbox 498 1605 673 1640; x_wconf 89' lang='grc' dir='ltr'><em>τοῦτον·</em></span> <span class='ocrx_word' id='word_1_93' title='bbox 706 1597 777 1639; x_wconf 84' lang='grc' dir='ltr'><em>καὶ</em></span> <span class='ocrx_word' id='word_1_94' title='bbox 810 1599 892 1652; x_wconf 85' lang='grc' dir='ltr'><em>γὰρ</em></span> <span class='ocrx_word' id='word_1_95' title='bbox 925 1597 1096 1652; x_wconf 86' lang='grc' dir='ltr'><em>ἐγένετο</em></span> <span class='ocrx_word' id='word_1_96' title='bbox 1129 1598 1207 1650; x_wconf 87' lang='grc' dir='ltr'><em>τὴν</em></span> <span class='ocrx_word' id='word_1_97' title='bbox 1239 1597 1412 1651; x_wconf 84' lang='grc' dir='ltr'><em>ἡλικίαν</em></span> <span class='ocrx_word' id='word_1_98' title='bbox 1441 1595 1683 1649; x_wconf 85' lang='grc' dir='ltr'><em>Ἀλκμαίων</em></span> <span class='ocrx_word' id='word_1_99' title='bbox 1717 1593 1785 1635; x_wconf 84' lang='grc' dir='ltr'><em>ἐπὶ</em></span> 
     </span>
     <span class='ocr_line' id='line_1_13' title="bbox 226 1663 1785 1725; baseline -0.003 -15"><span class='ocrx_word' id='word_1_100' title='bbox 226 1668 398 1723; x_wconf 77' lang='grc' dir='ltr'><em>γέροντι</em></span> <span class='ocrx_word' id='word_1_101' title='bbox 426 1671 691 1725; x_wconf 83' lang='grc' dir='ltr'><em>Πυθαγόρᾳ,</em></span> <span class='ocrx_word' id='word_1_102' title='bbox 724 1668 976 1723; x_wconf 83' lang='grc' dir='ltr'><em>ἀπεφήνατο</em></span> <span class='ocrx_word' id='word_1_103' title='bbox 1010 1666 1058 1710; x_wconf 75' lang='grc' dir='ltr'><em>δὲ</em></span> <span class='ocrx_word' id='word_1_104' title='bbox 1089 1671 1402 1723; x_wconf 81' lang='grc' dir='ltr'><em>παραπλησίως</em></span> <span class='ocrx_word' id='word_1_105' title='bbox 1433 1668 1615 1716; x_wconf 82' lang='grc' dir='ltr'><em>τούτοις.</em></span> <span class='ocrx_word' id='word_1_106' title='bbox 1677 1663 1785 1720; x_wconf 88' lang='grc' dir='ltr'><em>φησὶ</em></span> 
     </span>
     <span class='ocr_line' id='line_1_14' title="bbox 225 1737 1785 1794; baseline -0.003 -13"><span class='ocrx_word' id='word_1_107' title='bbox 225 1741 307 1794; x_wconf 82' lang='grc' dir='ltr'><em>γὰρ</em></span> <span class='ocrx_word' id='word_1_108' title='bbox 339 1737 452 1781; x_wconf 84' lang='grc' dir='ltr'><em>εἶναι</em></span> <span class='ocrx_word' id='word_1_109' title='bbox 486 1741 566 1781; x_wconf 80' lang='grc' dir='ltr'><em>δύο</em></span> <span class='ocrx_word' id='word_1_110' title='bbox 599 1741 650 1781; x_wconf 83' lang='grc' dir='ltr'><em>τὰ</em></span> <span class='ocrx_word' id='word_1_111' title='bbox 682 1741 822 1782; x_wconf 86' lang='grc' dir='ltr'><em>πολλὰ</em></span> <span class='ocrx_word' id='word_1_112' title='bbox 854 1748 942 1781; x_wconf 84' lang='grc' dir='ltr'><em>τῶν</em></span> <span class='ocrx_word' id='word_1_113' title='bbox 975 1739 1289 1793; x_wconf 82' lang='grc' dir='ltr'><em>ἀνθρωπίνων,</em></span> <span class='ocrx_word' id='word_1_114' title='bbox 1323 1737 1463 1792; x_wconf 87' lang='grc' dir='ltr'><em>λέγων</em></span> <span class='ocrx_word' id='word_1_115' title='bbox 1492 1739 1566 1786; x_wconf 79' lang='grc' dir='ltr'><em>τὰς</em></span> <span class='ocrx_word' id='word_1_116' title='bbox 1594 1737 1785 1778; x_wconf 87' lang='grc' dir='ltr'><em>ἐναντιό-</em></span> 
     </span>
     <span class='ocr_line' id='line_1_15' title="bbox 225 1803 1785 1866; baseline -0.001 -15"><span class='ocrx_word' id='word_1_117' title='bbox 225 1826 353 1864; x_wconf 80' lang='grc' dir='ltr'><em>τητας</em></span> <span class='ocrx_word' id='word_1_118' title='bbox 385 1811 464 1866; x_wconf 87' lang='grc' dir='ltr'><em>οὐχ</em></span> <span class='ocrx_word' id='word_1_119' title='bbox 497 1811 640 1865; x_wconf 86' lang='grc' dir='ltr'><em>ὥσπερ</em></span> <span class='ocrx_word' id='word_1_120' title='bbox 680 1808 802 1852; x_wconf 79' lang='grc' dir='ltr'><em>οὗτοι</em></span> <span class='ocrx_word' id='word_1_121' title='bbox 836 1811 1125 1864; x_wconf 80' lang='grc' dir='ltr'><em>διωρισμένας</em></span> <span class='ocrx_word' id='word_1_122' title='bbox 1164 1810 1273 1851; x_wconf 84' lang='grc' dir='ltr'><em>ἀλλὰ</em></span> <span class='ocrx_word' id='word_1_123' title='bbox 1307 1810 1383 1859; x_wconf 77' lang='grc' dir='ltr'><em>τὰς</em></span> <span class='ocrx_word' id='word_1_124' title='bbox 1413 1810 1651 1863; x_wconf 76' lang='grc' dir='ltr'><em>τυχούσας,</em></span> <span class='ocrx_word' id='word_1_125' title='bbox 1689 1803 1785 1850; x_wconf 79' lang='grc' dir='ltr'><em>οἷον</em></span> 
     </span>
     <span class='ocr_line' id='line_1_16' title="bbox 227 1879 1786 1935; baseline -0.001 -12"><span class='ocrx_word' id='word_1_126' title='bbox 227 1882 385 1923; x_wconf 83' lang='grc' dir='ltr'><em>λευκὸν</em></span> <span class='ocrx_word' id='word_1_127' title='bbox 429 1881 584 1935; x_wconf 81' lang='grc' dir='ltr'><em>μέλαν,</em></span> <span class='ocrx_word' id='word_1_128' title='bbox 629 1884 766 1935; x_wconf 85' lang='grc' dir='ltr'><em>γλυκὺ</em></span> <span class='ocrx_word' id='word_1_129' title='bbox 811 1884 987 1935; x_wconf 83' lang='grc' dir='ltr'><em>πικρόν,</em></span> <span class='ocrx_word' id='word_1_130' title='bbox 1042 1881 1215 1935; x_wconf 82' lang='grc' dir='ltr'><em>ἀγαθὸν</em></span> <span class='ocrx_word' id='word_1_131' title='bbox 1259 1882 1415 1933; x_wconf 82' lang='grc' dir='ltr'><em>κακόν,</em></span> <span class='ocrx_word' id='word_1_132' title='bbox 1466 1879 1574 1933; x_wconf 87' lang='grc' dir='ltr'><em>μέγα</em></span> <span class='ocrx_word' id='word_1_133' title='bbox 1619 1882 1786 1934; x_wconf 86' lang='grc' dir='ltr'><em>μικρόν.</em></span> 
     </span>
     <span class='ocr_line' id='line_1_17' title="bbox 227 1949 1786 2007; baseline -0.001 -14"><span class='ocrx_word' id='word_1_134' title='bbox 227 1949 354 2001; x_wconf 83' lang='grc' dir='ltr'><em>οὗτος</em></span> <span class='ocrx_word' id='word_1_135' title='bbox 391 1950 471 2006; x_wconf 77' lang='grc' dir='ltr'><em>μὲν</em></span> <span class='ocrx_word' id='word_1_136' title='bbox 510 1949 591 1994; x_wconf 86' lang='grc' dir='ltr'><em>οὖν</em></span> <span class='ocrx_word' id='word_1_137' title='bbox 629 1951 888 2006; x_wconf 82' lang='grc' dir='ltr'><em>ἀδιορίστως</em></span> <span class='ocrx_word' id='word_1_138' title='bbox 927 1951 1137 2007; x_wconf 81' lang='grc' dir='ltr'><em>ἀπέρριψε</em></span> <span class='ocrx_word' id='word_1_139' title='bbox 1175 1950 1275 2006; x_wconf 86' lang='grc' dir='ltr'><em>περὶ</em></span> <span class='ocrx_word' id='word_1_140' title='bbox 1306 1959 1393 1992; x_wconf 87' lang='grc' dir='ltr'><em>τῶν</em></span> <span class='ocrx_word' id='word_1_141' title='bbox 1432 1955 1620 2003; x_wconf 86' lang='grc' dir='ltr'><em>λοιπῶν,</em></span> <span class='ocrx_word' id='word_1_142' title='bbox 1659 1952 1705 1992; x_wconf 77' lang='grc' dir='ltr'><em>οἶ</em></span> <span class='ocrx_word' id='word_1_143' title='bbox 1739 1950 1786 1992; x_wconf 74' lang='grc' dir='ltr'><em>δὲ</em></span> 
     </span>
     <span class='ocr_line' id='line_1_18' title="bbox 229 2022 1787 2077; baseline -0.001 -13"><span class='ocrx_word' id='word_1_144' title='bbox 229 2025 533 2077; x_wconf 84' lang='grc' dir='ltr'><em>Πυθαγόρειοι</em></span> <span class='ocrx_word' id='word_1_145' title='bbox 571 2022 643 2064; x_wconf 82' lang='grc' dir='ltr'><em>καὶ</em></span> <span class='ocrx_word' id='word_1_146' title='bbox 681 2026 813 2065; x_wconf 90' lang='grc' dir='ltr'><em>πόσαι</em></span> <span class='ocrx_word' id='word_1_147' title='bbox 850 2022 922 2064; x_wconf 83' lang='grc' dir='ltr'><em>καὶ</em></span> <span class='ocrx_word' id='word_1_148' title='bbox 960 2025 1074 2072; x_wconf 81' lang='grc' dir='ltr'><em>τίνες</em></span> <span class='ocrx_word' id='word_1_149' title='bbox 1109 2024 1158 2064; x_wconf 77' lang='grc' dir='ltr'><em>αἱ</em></span> <span class='ocrx_word' id='word_1_150' title='bbox 1187 2022 1464 2072; x_wconf 79' lang='grc' dir='ltr'><em>ἐναντιώσεις</em></span> <span class='ocrx_word' id='word_1_151' title='bbox 1495 2022 1787 2076; x_wconf 75' lang='grc' dir='ltr'><em>ἀπεφήναντο.</em></span> 
     </span>
     <span class='ocr_line' id='line_1_19' title="bbox 227 2091 1787 2148; baseline -0.001 -13"><span class='ocrx_word' id='word_1_152' title='bbox 227 2094 343 2147; x_wconf 85' lang='grc' dir='ltr'><em>παρὰ</em></span> <span class='ocrx_word' id='word_1_153' title='bbox 376 2091 456 2148; x_wconf 74' lang='grc' dir='ltr'><em>μὲν</em></span> <span class='ocrx_word' id='word_1_154' title='bbox 489 2091 570 2136; x_wconf 87' lang='grc' dir='ltr'><em>οὗν</em></span> <span class='ocrx_word' id='word_1_155' title='bbox 596 2095 765 2136; x_wconf 88' lang='grc' dir='ltr'><em>τούτων</em></span> <span class='ocrx_word' id='word_1_156' title='bbox 790 2094 956 2148; x_wconf 79' lang='grc' dir='ltr'><em>ἀμφοῖν</em></span> <span class='ocrx_word' id='word_1_157' title='bbox 981 2100 1194 2136; x_wconf 86' lang='grc' dir='ltr'><em>τοσοῦτον</em></span> <span class='ocrx_word' id='word_1_158' title='bbox 1222 2096 1311 2135; x_wconf 76' lang='grc' dir='ltr'><em>ἔστι</em></span> <span class='ocrx_word' id='word_1_159' title='bbox 1339 2096 1506 2147; x_wconf 77' lang='grc' dir='ltr'><em>λαβεῖν,</em></span> <span class='ocrx_word' id='word_1_160' title='bbox 1538 2093 1603 2135; x_wconf 86' lang='grc' dir='ltr'><em>ὅτι</em></span> <span class='ocrx_word' id='word_1_161' title='bbox 1630 2093 1787 2135; x_wconf 80' lang='grc' dir='ltr'><em>τάναν-</em></span> 
     </span>
     <span class='ocr_line' id='line_1_20' title="bbox 227 2163 1788 2219; baseline 0 -13"><span class='ocrx_word' id='word_1_162' title='bbox 227 2167 295 2206; x_wconf 88' lang='grc' dir='ltr'><em>τία</em></span> <span class='ocrx_word' id='word_1_163' title='bbox 328 2164 454 2219; x_wconf 82' lang='grc' dir='ltr'><em>ἀρχαὶ</em></span> <span class='ocrx_word' id='word_1_164' title='bbox 486 2173 574 2207; x_wconf 85' lang='grc' dir='ltr'><em>τῶν</em></span> <span class='ocrx_word' id='word_1_165' title='bbox 607 2167 765 2207; x_wconf 84' lang='grc' dir='ltr'><em>ὄντων·</em></span> <span class='ocrx_word' id='word_1_166' title='bbox 799 2167 847 2207; x_wconf 88' lang='grc' dir='ltr'><em>τὸ</em></span> <span class='ocrx_word' id='word_1_167' title='bbox 881 2163 919 2206; x_wconf 77' lang='grc' dir='ltr'><em>δ’</em></span> <span class='ocrx_word' id='word_1_168' title='bbox 959 2165 1057 2206; x_wconf 83' lang='grc' dir='ltr'><em>ὅσαι</em></span> <span class='ocrx_word' id='word_1_169' title='bbox 1089 2166 1205 2219; x_wconf 83' lang='grc' dir='ltr'><em>παρὰ</em></span> <span class='ocrx_word' id='word_1_170' title='bbox 1236 2172 1323 2206; x_wconf 88' lang='grc' dir='ltr'><em>τῶν</em></span> <span class='ocrx_word' id='word_1_171' title='bbox 1357 2163 1539 2218; x_wconf 79' lang='grc' dir='ltr'><em>ἑτέρων,</em></span> <span class='ocrx_word' id='word_1_172' title='bbox 1570 2164 1641 2206; x_wconf 87' lang='grc' dir='ltr'><em>καὶ</em></span> <span class='ocrx_word' id='word_1_173' title='bbox 1674 2167 1788 2214; x_wconf 64' lang='grc' dir='ltr'><em>τίνες</em></span> 
     </span>
     <span class='ocr_line' id='line_1_21' title="bbox 229 2232 1788 2286; baseline -0.001 -9"><span class='ocrx_word' id='word_1_174' title='bbox 229 2232 360 2277; x_wconf 83' lang='grc' dir='ltr'><em>αὗταί</em></span> <span class='ocrx_word' id='word_1_175' title='bbox 387 2237 499 2278; x_wconf 82' lang='grc' dir='ltr'><em>εἰσιν</em></span> <span class='ocrx_word' id='word_1_176' title='bbox 530 2241 618 2278; x_wconf 84' lang='grc' dir='ltr'><em>κτλ.</em></span> <span class='ocrx_word' id='word_1_177' title='bbox 683 2238 800 2286; x_wconf 77' lang='lat' dir='ltr'>Quae</span> <span class='ocrx_word' id='word_1_178' title='bbox 833 2237 963 2278; x_wconf 83' lang='lat' dir='ltr'>verba</span> <span class='ocrx_word' id='word_1_179' title='bbox 1001 2252 1104 2278; x_wconf 87' lang='lat' dir='ltr'><em>num</em></span> <span class='ocrx_word' id='word_1_180' title='bbox 1145 2236 1287 2277; x_wconf 81' lang='lat' dir='ltr'>omnia</span> <span class='ocrx_word' id='word_1_181' title='bbox 1319 2235 1410 2277; x_wconf 87' lang='lat' dir='ltr'>iure</span> <span class='ocrx_word' id='word_1_182' title='bbox 1446 2236 1671 2277; x_wconf 76' lang='lat' dir='ltr'>Aristoteli</span> <span class='ocrx_word' id='word_1_183' title='bbox 1712 2236 1788 2276; x_wconf 86' lang='lat' dir='ltr'>tri-</span> 
     </span>
     <span class='ocr_line' id='line_1_22' title="bbox 231 2305 1787 2363; baseline -0.001 -15"><span class='ocrx_word' id='word_1_184' title='bbox 231 2308 416 2348; x_wconf 88' lang='lat' dir='ltr'>buantur</span> <span class='ocrx_word' id='word_1_185' title='bbox 453 2307 749 2363; x_wconf 81' lang='lat' dir='ltr'>Brandisius1)</span> <span class='ocrx_word' id='word_1_186' title='bbox 793 2311 837 2349; x_wconf 86' lang='lat' dir='ltr'>et</span> <span class='ocrx_word' id='word_1_187' title='bbox 881 2305 1115 2363; x_wconf 74' lang='lat' dir='ltr'>Zellerus2)</span> <span class='ocrx_word' id='word_1_188' title='bbox 1160 2311 1203 2349; x_wconf 93' lang='lat' dir='ltr'>et</span> <span class='ocrx_word' id='word_1_189' title='bbox 1242 2306 1583 2362; x_wconf 48' lang='lat' dir='ltr'>Sehwegleruff)</span> <span class='ocrx_word' id='word_1_190' title='bbox 1629 2310 1671 2347; x_wconf 90' lang='lat' dir='ltr'>et</span> <span class='ocrx_word' id='word_1_191' title='bbox 1716 2307 1787 2360; x_wconf 84' lang='lat' dir='ltr'>qui</span> 
     </span>
     <span class='ocr_line' id='line_1_23' title="bbox 228 2376 1788 2434; baseline -0.001 -15"><span class='ocrx_word' id='word_1_192' title='bbox 228 2382 328 2432; x_wconf 89' lang='lat' dir='ltr'>post</span> <span class='ocrx_word' id='word_1_193' title='bbox 354 2377 570 2434; x_wconf 68' lang='lat' dir='ltr'>Unnam4)</span> <span class='ocrx_word' id='word_1_194' title='bbox 602 2380 759 2421; x_wconf 86' lang='lat' dir='ltr'>iterum</span> <span class='ocrx_word' id='word_1_195' title='bbox 786 2379 1060 2421; x_wconf 80' lang='lat' dir='ltr'>Alemaeonis</span> <span class='ocrx_word' id='word_1_196' title='bbox 1094 2379 1338 2434; x_wconf 81' lang='lat' dir='ltr'>fragmenta</span> <span class='ocrx_word' id='word_1_197' title='bbox 1371 2378 1504 2419; x_wconf 81' lang='lat' dir='ltr'>edidit</span> <span class='ocrx_word' id='word_1_198' title='bbox 1531 2376 1788 2432; x_wconf 63' lang='lat' dir='ltr'>sanderus-⁵)</span> 
     </span>
     <span class='ocr_line' id='line_1_24' title="bbox 231 2447 1787 2511; baseline -0.001 -22"><span class='ocrx_word' id='word_1_199' title='bbox 231 2448 433 2490; x_wconf 83' lang='lat' dir='ltr'>dubitant</span> <span class='ocrx_word' id='word_1_200' title='bbox 472 2453 514 2490; x_wconf 87' lang='lat' dir='ltr'>et</span> <span class='ocrx_word' id='word_1_201' title='bbox 547 2450 759 2504; x_wconf 84' lang='lat' dir='ltr'>imprimis</span> <span class='ocrx_word' id='word_1_202' title='bbox 793 2451 1097 2503; x_wconf 75' lang='lat' dir='ltr'>sententiolam</span> <span class='ocrx_word' id='word_1_203' title='bbox 1133 2450 1251 2511; x_wconf 56' lang='lat' dir='ltr'>illem</span> <span class='ocrx_word' id='word_1_204' title='bbox 1284 2449 1555 2490; x_wconf 82' lang='lat' dir='ltr'>interiectam</span> <span class='ocrx_word' id='word_1_205' title='bbox 1595 2447 1667 2489; x_wconf 83' lang='grc' dir='ltr'><em>καὶ</em></span> <span class='ocrx_word' id='word_1_206' title='bbox 1706 2449 1787 2502; x_wconf 69' lang='grc' dir='ltr'><em>γὰρ</em></span> 
     </span>
     <span class='ocr_line' id='line_1_25' title="bbox 232 2510 1789 2575; baseline -0.001 -15"><span class='ocrx_word' id='word_1_207' title='bbox 232 2518 403 2572; x_wconf 81' lang='grc' dir='ltr'><em>ἐγένετο</em></span> <span class='ocrx_word' id='word_1_208' title='bbox 435 2520 514 2573; x_wconf 86' lang='grc' dir='ltr'><em>τὴν</em></span> <span class='ocrx_word' id='word_1_209' title='bbox 546 2520 719 2573; x_wconf 84' lang='grc' dir='ltr'><em>ἡλικίαν</em></span> <span class='ocrx_word' id='word_1_210' title='bbox 747 2510 988 2574; x_wconf 79' lang='grc' dir='ltr'><em>Ἀλκμαίων</em></span> <span class='ocrx_word' id='word_1_211' title='bbox 1028 2519 1097 2562; x_wconf 84' lang='grc' dir='ltr'><em>ε’πὶ</em></span> <span class='ocrx_word' id='word_1_212' title='bbox 1136 2511 1310 2575; x_wconf 79' lang='grc' dir='ltr'><em>γέροντι</em></span> <span class='ocrx_word' id='word_1_213' title='bbox 1344 2521 1593 2574; x_wconf 82' lang='grc' dir='ltr'><em>Πυθαγόρᾳ</em></span> <span class='ocrx_word' id='word_1_214' title='bbox 1632 2522 1680 2559; x_wconf 87' lang='lat' dir='ltr'>ut</span> <span class='ocrx_word' id='word_1_215' title='bbox 1719 2534 1789 2559; x_wconf 71' lang='lat' dir='ltr'><em>ex-</em></span> 
     </span>
     <span class='ocr_line' id='line_1_26' title="bbox 232 2589 1789 2646; baseline 0 -16"><span class='ocrx_word' id='word_1_216' title='bbox 232 2590 441 2631; x_wconf 77' lang='lat' dir='ltr'>trinsecus</span> <span class='ocrx_word' id='word_1_217' title='bbox 469 2590 577 2631; x_wconf 85' lang='lat' dir='ltr'>falso</span> <span class='ocrx_word' id='word_1_218' title='bbox 605 2591 794 2632; x_wconf 79' lang='lat' dir='ltr'>additam</span> <span class='ocrx_word' id='word_1_219' title='bbox 827 2592 965 2632; x_wconf 87' lang='lat' dir='ltr'>delere</span> <span class='ocrx_word' id='word_1_220' title='bbox 1000 2591 1146 2645; x_wconf 87' lang='lat' dir='ltr'>itaque</span> <span class='ocrx_word' id='word_1_221' title='bbox 1178 2592 1316 2646; x_wconf 78' lang='lat' dir='ltr'>legere</span> <span class='ocrx_word' id='word_1_222' title='bbox 1344 2591 1528 2631; x_wconf 73' lang='lat' dir='ltr'>malunt:</span> <span class='ocrx_word' id='word_1_223' title='bbox 1573 2623 1698 2631; x_wconf 93' lang='lat'>.....</span> <span class='ocrx_word' id='word_1_224' title='bbox 1718 2589 1789 2630; x_wconf 80' lang='grc' dir='ltr'><em>ὅν-</em></span> 
     </span>
    </p>
   </div>
   <div class='ocr_carea' id='block_1_4' title="bbox 350 2717 1735 3048">
    <p class='ocr_par' dir='ltr' id='par_1_4' title="bbox 350 2717 1735 3000">
     <span class='ocr_line' id='line_1_27' title="bbox 355 2717 1687 2763; baseline 0.002 -12"><span class='ocrx_word' id='word_1_225' title='bbox 355 2719 386 2760; x_wconf 91' lang='grc'><em>1)</em></span> <span class='ocrx_word' id='word_1_226' title='bbox 415 2717 623 2753; x_wconf 76' lang='lat' dir='ltr'><em>Hamlbuch</em></span> <span class='ocrx_word' id='word_1_227' title='bbox 649 2720 711 2754; x_wconf 75' lang='lat' dir='ltr'><em>cler</em></span> <span class='ocrx_word' id='word_1_228' title='bbox 739 2719 943 2754; x_wconf 60' lang='lat' dir='ltr'>Geso-hicme</span> <span class='ocrx_word' id='word_1_229' title='bbox 968 2719 1030 2753; x_wconf 80' lang='lat' dir='ltr'><em>der</em></span> <span class='ocrx_word' id='word_1_230' title='bbox 1055 2720 1290 2763; x_wconf 75' lang='lat' dir='ltr'><em>yriech.·r‹&gt;&#39;m.</em></span> <span class='ocrx_word' id='word_1_231' title='bbox 1316 2719 1546 2762; x_wconf 73' lang='lat' dir='ltr'><em>Philosophie</em></span> <span class='ocrx_word' id='word_1_232' title='bbox 1573 2719 1586 2751; x_wconf 93' lang='grc' dir='ltr'>Ι</span> <span class='ocrx_word' id='word_1_233' title='bbox 1608 2722 1687 2753; x_wconf 79' lang='lat'><strong>507.</strong></span> 
     </span>
     <span class='ocr_line' id='line_1_28' title="bbox 350 2776 1144 2821; baseline 0.004 -12"><span class='ocrx_word' id='word_1_234' title='bbox 350 2780 384 2820; x_wconf 83' lang='lat'><em>2)</em></span> <span class='ocrx_word' id='word_1_235' title='bbox 415 2776 646 2821; x_wconf 72' lang='lat' dir='ltr'>Philosophie</span> <span class='ocrx_word' id='word_1_236' title='bbox 671 2778 734 2812; x_wconf 82' lang='lat' dir='ltr'><em>der</em></span> <span class='ocrx_word' id='word_1_237' title='bbox 760 2778 934 2811; x_wconf 78' lang='lat' dir='ltr'><em>Griechen</em></span> <span class='ocrx_word' id='word_1_238' title='bbox 962 2777 993 2810; x_wconf 78' lang='lat'><em>1⁵</em></span> <span class='ocrx_word' id='word_1_239' title='bbox 1016 2780 1044 2820; x_wconf 81' lang='lat'><em>1,</em></span> <span class='ocrx_word' id='word_1_240' title='bbox 1065 2781 1144 2812; x_wconf 77' lang='lat'><strong>488.</strong></span> 
     </span>
     <span class='ocr_line' id='line_1_29' title="bbox 352 2835 1028 2879; baseline 0.003 -11"><span class='ocrx_word' id='word_1_241' title='bbox 352 2837 388 2879; x_wconf 85' lang='lat'><em>3)</em></span> <span class='ocrx_word' id='word_1_242' title='bbox 413 2835 616 2871; x_wconf 85' lang='lat' dir='ltr'>Comment.</span> <span class='ocrx_word' id='word_1_243' title='bbox 643 2837 689 2871; x_wconf 83' lang='lat' dir='ltr'><em>ad</em></span> <span class='ocrx_word' id='word_1_244' title='bbox 716 2836 826 2870; x_wconf 80' lang='lat' dir='ltr'>Arist.</span> <span class='ocrx_word' id='word_1_245' title='bbox 848 2835 933 2870; x_wconf 86' lang='lat' dir='ltr'>Met.</span> <span class='ocrx_word' id='word_1_246' title='bbox 962 2836 983 2870; x_wconf 82' lang='lat'><em>1.</em></span> <span class='ocrx_word' id='word_1_247' title='bbox 1006 2835 1028 2870; x_wconf 83' lang='lat' dir='ltr'><em>l.</em></span> 
     </span>
     <span class='ocr_line' id='line_1_30' title="bbox 351 2894 1735 2941; baseline 0.002 -13"><span class='ocrx_word' id='word_1_248' title='bbox 351 2897 386 2939; x_wconf 87' lang='grc'><em>4)</em></span> <span class='ocrx_word' id='word_1_249' title='bbox 414 2895 452 2928; x_wconf 88' lang='lat' dir='ltr'><em>In</em></span> <span class='ocrx_word' id='word_1_250' title='bbox 480 2894 667 2930; x_wconf 80' lang='lat' dir='ltr'>Peterseni</span> <span class='ocrx_word' id='word_1_251' title='bbox 694 2895 1163 2941; x_wconf 74' lang='lat' dir='ltr'><em>Philoloyisch·historische</em></span> <span class='ocrx_word' id='word_1_252' title='bbox 1190 2895 1344 2929; x_wconf 56' lang='lat' dir='ltr'><em>Studien</em></span> <span class='ocrx_word' id='word_1_253' title='bbox 1370 2894 1592 2940; x_wconf 74' lang='lat' dir='ltr'>(Hamburgi</span> <span class='ocrx_word' id='word_1_254' title='bbox 1623 2899 1735 2940; x_wconf 67' lang='lat'>1832).</span> 
     </span>
     <span class='ocr_line' id='line_1_31' title="bbox 351 2954 1316 3000; baseline 0.001 -12"><span class='ocrx_word' id='word_1_255' title='bbox 351 2957 387 2999; x_wconf 82' lang='lat'><em>5)</em></span> <span class='ocrx_word' id='word_1_256' title='bbox 414 2955 628 2999; x_wconf 77' lang='lat' dir='ltr'><em>Proyramm</em></span> <span class='ocrx_word' id='word_1_257' title='bbox 653 2966 722 2989; x_wconf 84' lang='lat' dir='ltr'><em>von</em></span> <span class='ocrx_word' id='word_1_258' title='bbox 757 2955 974 3000; x_wconf 75' lang='lat' dir='ltr'>Wittenbery</span> <span class='ocrx_word' id='word_1_259' title='bbox 1002 2954 1068 2988; x_wconf 84' lang='lat' dir='ltr'><em>No.</em></span> <span class='ocrx_word' id='word_1_260' title='bbox 1091 2957 1157 2988; x_wconf 78' lang='lat'><em>259</em></span> <span class='ocrx_word' id='word_1_261' title='bbox 1184 2955 1316 2997; x_wconf 70' lang='lat'><strong>(1893).</strong></span> 
     </span>
    </p>

    <p class='ocr_par' dir='ltr' id='par_1_5' title="bbox 1463 3015 1506 3048">
     <span class='ocr_line' id='line_1_32' title="bbox 1463 3015 1506 3048; baseline 0 -14"><span class='ocrx_word' id='word_1_262' title='bbox 1463 3015 1506 3048; x_wconf 61' lang='grc' dir='ltr'><em>ι*</em></span> 
     </span>
    </p>
   </div>
  </div>
 </body>
</html>
