<?xml version="1.0" encoding="UTF-8"?>
<!DOCTYPE html PUBLIC "-//W3C//DTD XHTML 1.0 Transitional//EN"
    "http://www.w3.org/TR/xhtml1/DTD/xhtml1-transitional.dtd">
<html xmlns="http://www.w3.org/1999/xhtml" xml:lang="en" lang="en">
 <head>
  <title>
</title>
<meta http-equiv="Content-Type" content="text/html;charset=utf-8" />
  <meta name='ocr-system' content='tesseract 3.04.00' />
  <meta name='ocr-capabilities' content='ocr_page ocr_carea ocr_par ocr_line ocrx_word'/>
</head>
<body>
  <div class='ocr_page' id='page_1' title='image "./dealcmaeonecroto00wachuoft_0096.png"; bbox 0 0 2125 3439; ppageno 0'>
   <div class='ocr_carea' id='block_1_1' title="bbox 1066 271 1357 311">
    <p class='ocr_par' dir='ltr' id='par_1_1' title="bbox 1066 271 1357 311">
     <span class='ocr_line' id='line_1_1' title="bbox 1066 271 1357 311; baseline -0.003 -12"><span class='ocrx_word' id='word_1_1' title='bbox 1066 271 1357 311; x_wconf 69' lang='lat'>-92-</span> 
     </span>
    </p>
   </div>
   <div class='ocr_carea' id='block_1_2' title="bbox 426 375 1996 2775">
    <p class='ocr_par' dir='ltr' id='par_1_2' title="bbox 427 375 1996 1780">
     <span class='ocr_line' id='line_1_2' title="bbox 551 375 1995 430; baseline 0.001 -12"><span class='ocrx_word' id='word_1_2' title='bbox 551 377 633 419; x_wconf 74' lang='lat' dir='ltr'>Sed</span> <span class='ocrx_word' id='word_1_3' title='bbox 666 392 762 419; x_wconf 90' lang='lat' dir='ltr'>cum</span> <span class='ocrx_word' id='word_1_4' title='bbox 796 376 1058 419; x_wconf 86' lang='lat' dir='ltr'>Democedes</span> <span class='ocrx_word' id='word_1_5' title='bbox 1097 376 1136 416; x_wconf 89' lang='lat' dir='ltr'>in</span> <span class='ocrx_word' id='word_1_6' title='bbox 1181 375 1368 430; x_wconf 87' lang='lat' dir='ltr'>patriam</span> <span class='ocrx_word' id='word_1_7' title='bbox 1408 389 1604 417; x_wconf 86' lang='lat' dir='ltr'>reversus</span> <span class='ocrx_word' id='word_1_8' title='bbox 1637 375 1812 417; x_wconf 86' lang='lat' dir='ltr'>Milonis</span> <span class='ocrx_word' id='word_1_9' title='bbox 1845 376 1995 419; x_wconf 86' lang='lat' dir='ltr'>Croto·</span> 
     </span>
     <span class='ocr_line' id='line_1_3' title="bbox 431 445 1994 502; baseline 0 -13"><span class='ocrx_word' id='word_1_10' title='bbox 431 449 592 490; x_wconf 90' lang='lat' dir='ltr'>niensis</span> <span class='ocrx_word' id='word_1_11' title='bbox 627 448 814 490; x_wconf 85' lang='lat' dir='ltr'>athletae</span> <span class='ocrx_word' id='word_1_12' title='bbox 847 446 1127 501; x_wconf 67' lang='lat' dir='ltr'>nobilissimi7</span> <span class='ocrx_word' id='word_1_13' title='bbox 1160 446 1232 500; x_wconf 89' lang='lat' dir='ltr'>qui</span> <span class='ocrx_word' id='word_1_14' title='bbox 1264 445 1356 501; x_wconf 90' lang='lat' dir='ltr'>ipse</span> <span class='ocrx_word' id='word_1_15' title='bbox 1389 446 1665 501; x_wconf 77' lang='lat' dir='ltr'>Pythagorae</span> <span class='ocrx_word' id='word_1_16' title='bbox 1697 460 1829 502; x_wconf 83' lang='lat' dir='ltr'>gener</span> <span class='ocrx_word' id='word_1_17' title='bbox 1859 447 1994 489; x_wconf 84' lang='lat' dir='ltr'>fuisse</span> 
     </span>
     <span class='ocr_line' id='line_1_4' title="bbox 430 509 1992 574; baseline 0 -14"><span class='ocrx_word' id='word_1_18' title='bbox 430 509 587 561; x_wconf 85' lang='lat' dir='ltr'>dicitur</span> <span class='ocrx_word' id='word_1_19' title='bbox 627 518 797 574; x_wconf 84' lang='lat' dir='ltr'>(lambl.</span> <span class='ocrx_word' id='word_1_20' title='bbox 831 516 956 573; x_wconf 77' lang='lat'><strong>287),</strong></span> <span class='ocrx_word' id='word_1_21' title='bbox 993 516 1127 559; x_wconf 90' lang='lat' dir='ltr'>filiam</span> <span class='ocrx_word' id='word_1_22' title='bbox 1167 517 1212 558; x_wconf 92' lang='lat' dir='ltr'>in</span> <span class='ocrx_word' id='word_1_23' title='bbox 1253 517 1575 559; x_wconf 71' lang='lat' dir='ltr'>matrimonium</span> <span class='ocrx_word' id='word_1_24' title='bbox 1614 517 1784 558; x_wconf 82' lang='lat' dir='ltr'>duxerit</span> <span class='ocrx_word' id='word_1_25' title='bbox 1817 516 1992 573; x_wconf 86' lang='lat' dir='ltr'>(Herod.</span> 
     </span>
     <span class='ocr_line' id='line_1_5' title="bbox 431 588 1996 644; baseline -0.001 -14"><span class='ocrx_word' id='word_1_26' title='bbox 431 590 494 630; x_wconf 92' lang='grc' dir='ltr'>ΙΙΙ</span> <span class='ocrx_word' id='word_1_27' title='bbox 522 590 636 644; x_wconf 78' lang='lat'><strong>137),</strong></span> <span class='ocrx_word' id='word_1_28' title='bbox 656 589 862 630; x_wconf 81' lang='lat' dir='ltr'>Milonem</span> <span class='ocrx_word' id='word_1_29' title='bbox 885 591 1029 630; x_wconf 89' lang='lat' dir='ltr'>autem</span> <span class='ocrx_word' id='word_1_30' title='bbox 1050 588 1374 644; x_wconf 81' lang='lat' dir='ltr'>Pythagoreum</span> <span class='ocrx_word' id='word_1_31' title='bbox 1395 588 1528 630; x_wconf 88' lang='lat' dir='ltr'>fuisse</span> <span class='ocrx_word' id='word_1_32' title='bbox 1549 588 1816 630; x_wconf 79' lang='lat' dir='ltr'>lamblichus</span> <span class='ocrx_word' id='word_1_33' title='bbox 1838 589 1996 644; x_wconf 78' lang='lat' dir='ltr'>tradat,</span> 
     </span>
     <span class='ocr_line' id='line_1_6' title="bbox 433 657 1995 715; baseline -0.001 -13"><span class='ocrx_word' id='word_1_34' title='bbox 433 675 614 715; x_wconf 89' lang='lat' dir='ltr'>cumque</span> <span class='ocrx_word' id='word_1_35' title='bbox 642 660 755 702; x_wconf 88' lang='lat' dir='ltr'>idem</span> <span class='ocrx_word' id='word_1_36' title='bbox 777 660 964 715; x_wconf 88' lang='lat' dir='ltr'>scriptor</span> <span class='ocrx_word' id='word_1_37' title='bbox 986 660 1266 714; x_wconf 87' lang='lat' dir='ltr'>Apollonium</span> <span class='ocrx_word' id='word_1_38' title='bbox 1293 662 1463 702; x_wconf 88' lang='lat' dir='ltr'>secutus</span> <span class='ocrx_word' id='word_1_39' title='bbox 1487 658 1559 715; x_wconf 85' lang='lat' dir='ltr'>(cf.</span> <span class='ocrx_word' id='word_1_40' title='bbox 1580 657 1686 715; x_wconf 75' lang='lat'>254)</span> <span class='ocrx_word' id='word_1_41' title='bbox 1708 658 1995 701; x_wconf 82' lang='lat' dir='ltr'>Democedem</span> 
     </span>
     <span class='ocr_line' id='line_1_7' title="bbox 431 730 1993 787; baseline 0.001 -15"><span class='ocrx_word' id='word_1_42' title='bbox 431 731 720 787; x_wconf 74' lang='lat' dir='ltr'>Pythagoreis</span> <span class='ocrx_word' id='word_1_43' title='bbox 753 746 778 772; x_wconf 90' lang='lat' dir='ltr'>a</span> <span class='ocrx_word' id='word_1_44' title='bbox 809 730 972 786; x_wconf 90' lang='lat' dir='ltr'>Cylone</span> <span class='ocrx_word' id='word_1_45' title='bbox 1005 731 1169 772; x_wconf 81' lang='lat' dir='ltr'>vexatis</span> <span class='ocrx_word' id='word_1_46' title='bbox 1203 730 1440 785; x_wconf 82' lang='lat' dir='ltr'>praefuisse</span> <span class='ocrx_word' id='word_1_47' title='bbox 1477 730 1622 785; x_wconf 90' lang='lat' dir='ltr'>itaque</span> <span class='ocrx_word' id='word_1_48' title='bbox 1656 733 1841 772; x_wconf 88' lang='lat' dir='ltr'>mortem</span> <span class='ocrx_word' id='word_1_49' title='bbox 1875 745 1993 773; x_wconf 92' lang='lat' dir='ltr'>occu-</span> 
     </span>
     <span class='ocr_line' id='line_1_8' title="bbox 431 799 1994 857; baseline 0.001 -14"><span class='ocrx_word' id='word_1_50' title='bbox 431 803 577 844; x_wconf 89' lang='lat' dir='ltr'>buisse</span> <span class='ocrx_word' id='word_1_51' title='bbox 605 805 751 844; x_wconf 84' lang='lat' dir='ltr'>narret</span> <span class='ocrx_word' id='word_1_52' title='bbox 778 801 894 857; x_wconf 84' lang='lat' dir='ltr'>(pag.</span> <span class='ocrx_word' id='word_1_53' title='bbox 916 799 1182 857; x_wconf 59' lang='lat' dir='ltr'>affl—261),</span> <span class='ocrx_word' id='word_1_54' title='bbox 1211 800 1443 842; x_wconf 85' lang='lat' dir='ltr'>Krischeus</span> <span class='ocrx_word' id='word_1_55' title='bbox 1471 804 1573 842; x_wconf 89' lang='lat' dir='ltr'>tunc</span> <span class='ocrx_word' id='word_1_56' title='bbox 1600 804 1715 842; x_wconf 87' lang='lat' dir='ltr'>certe</span> <span class='ocrx_word' id='word_1_57' title='bbox 1741 816 1829 843; x_wconf 88' lang='lat' dir='ltr'>non</span> <span class='ocrx_word' id='word_1_58' title='bbox 1855 803 1994 844; x_wconf 89' lang='lat' dir='ltr'>solum</span> 
     </span>
     <span class='ocr_line' id='line_1_9' title="bbox 429 869 1996 928; baseline 0.001 -13"><span class='ocrx_word' id='word_1_59' title='bbox 429 874 572 928; x_wconf 90' lang='lat' dir='ltr'>ipsum</span> <span class='ocrx_word' id='word_1_60' title='bbox 604 873 907 927; x_wconf 84' lang='lat' dir='ltr'>Democedem,</span> <span class='ocrx_word' id='word_1_61' title='bbox 941 873 1014 914; x_wconf 92' lang='lat' dir='ltr'>sed</span> <span class='ocrx_word' id='word_1_62' title='bbox 1048 873 1179 913; x_wconf 88' lang='lat' dir='ltr'>etiam</span> <span class='ocrx_word' id='word_1_63' title='bbox 1213 886 1362 913; x_wconf 90' lang='lat' dir='ltr'>omnes</span> <span class='ocrx_word' id='word_1_64' title='bbox 1394 871 1584 913; x_wconf 83' lang='lat' dir='ltr'>medicos</span> <span class='ocrx_word' id='word_1_65' title='bbox 1617 869 1924 915; x_wconf 73' lang='lat' dir='ltr'>Crotonienses</span> <span class='ocrx_word' id='word_1_66' title='bbox 1957 873 1996 916; x_wconf 84' lang='lat' dir='ltr'>ei</span> 
     </span>
     <span class='ocr_line' id='line_1_10' title="bbox 430 942 1996 1001; baseline 0 -15"><span class='ocrx_word' id='word_1_67' title='bbox 430 945 630 999; x_wconf 82' lang='lat' dir='ltr'>aequales</span> <span class='ocrx_word' id='word_1_68' title='bbox 671 944 722 985; x_wconf 88' lang='lat' dir='ltr'>ad</span> <span class='ocrx_word' id='word_1_69' title='bbox 754 944 1129 999; x_wconf 79' lang='lat' dir='ltr'>Pythagoreorum</span> <span class='ocrx_word' id='word_1_70' title='bbox 1163 943 1415 984; x_wconf 87' lang='lat' dir='ltr'>societatem</span> <span class='ocrx_word' id='word_1_71' title='bbox 1454 942 1686 984; x_wconf 81' lang='lat' dir='ltr'>accessisse</span> <span class='ocrx_word' id='word_1_72' title='bbox 1719 943 1996 1001; x_wconf 82' lang='lat' dir='ltr'>contendit.¹)</span> 
     </span>
     <span class='ocr_line' id='line_1_11' title="bbox 434 1013 1996 1070; baseline 0.001 -14"><span class='ocrx_word' id='word_1_73' title='bbox 434 1014 515 1056; x_wconf 82' lang='lat' dir='ltr'>Sed</span> <span class='ocrx_word' id='word_1_74' title='bbox 542 1018 591 1056; x_wconf 83' lang='lat' dir='ltr'>ut</span> <span class='ocrx_word' id='word_1_75' title='bbox 611 1015 833 1070; x_wconf 79' lang='lat' dir='ltr'>Apollonii</span> <span class='ocrx_word' id='word_1_76' title='bbox 860 1013 1089 1055; x_wconf 83' lang='lat' dir='ltr'>historiam</span> <span class='ocrx_word' id='word_1_77' title='bbox 1117 1028 1260 1055; x_wconf 88' lang='lat' dir='ltr'>veram</span> <span class='ocrx_word' id='word_1_78' title='bbox 1285 1027 1377 1055; x_wconf 90' lang='lat' dir='ltr'>esse</span> <span class='ocrx_word' id='word_1_79' title='bbox 1405 1013 1686 1055; x_wconf 83' lang='lat' dir='ltr'>concedamus</span> <span class='ocrx_word' id='word_1_80' title='bbox 1715 1013 1996 1070; x_wconf 90' lang='lat' dir='ltr'>(quamquam</span> 
     </span>
     <span class='ocr_line' id='line_1_12' title="bbox 431 1083 1995 1141; baseline 0.001 -14"><span class='ocrx_word' id='word_1_81' title='bbox 431 1089 594 1140; x_wconf 86' lang='lat' dir='ltr'>quanta</span> <span class='ocrx_word' id='word_1_82' title='bbox 614 1086 671 1127; x_wconf 87' lang='lat' dir='ltr'>sit</span> <span class='ocrx_word' id='word_1_83' title='bbox 687 1085 925 1140; x_wconf 82' lang='lat' dir='ltr'>Tyanensis</span> <span class='ocrx_word' id='word_1_84' title='bbox 946 1085 1050 1126; x_wconf 89' lang='lat' dir='ltr'>fides</span> <span class='ocrx_word' id='word_1_85' title='bbox 1073 1084 1168 1139; x_wconf 88' lang='lat' dir='ltr'>quis</span> <span class='ocrx_word' id='word_1_86' title='bbox 1189 1083 1389 1139; x_wconf 64' lang='lat' dir='ltr'>nescitP),</span> <span class='ocrx_word' id='word_1_87' title='bbox 1410 1087 1555 1126; x_wconf 85' lang='lat' dir='ltr'>movet</span> <span class='ocrx_word' id='word_1_88' title='bbox 1572 1085 1861 1139; x_wconf 89' lang='lat' dir='ltr'>suspicionem</span> <span class='ocrx_word' id='word_1_89' title='bbox 1883 1087 1995 1141; x_wconf 91' lang='lat' dir='ltr'>quod</span> 
     </span>
     <span class='ocr_line' id='line_1_13' title="bbox 428 1154 1995 1212; baseline 0.001 -14"><span class='ocrx_word' id='word_1_90' title='bbox 428 1171 567 1211; x_wconf 85' lang='lat' dir='ltr'>neque</span> <span class='ocrx_word' id='word_1_91' title='bbox 588 1156 834 1198; x_wconf 87' lang='lat' dir='ltr'>Herodotus</span> <span class='ocrx_word' id='word_1_92' title='bbox 858 1154 964 1211; x_wconf 83' lang='grc'>(1.1.)</span> <span class='ocrx_word' id='word_1_93' title='bbox 985 1170 1122 1209; x_wconf 85' lang='lat' dir='ltr'>neque</span> <span class='ocrx_word' id='word_1_94' title='bbox 1147 1155 1393 1197; x_wconf 87' lang='lat' dir='ltr'>Athenaeus</span> <span class='ocrx_word' id='word_1_95' title='bbox 1416 1155 1522 1212; x_wconf 78' lang='lat'>(530</span> <span class='ocrx_word' id='word_1_96' title='bbox 1542 1154 1598 1212; x_wconf 90' lang='lat' dir='ltr'>B)</span> <span class='ocrx_word' id='word_1_97' title='bbox 1629 1171 1767 1211; x_wconf 88' lang='lat' dir='ltr'>neque</span> <span class='ocrx_word' id='word_1_98' title='bbox 1789 1157 1995 1200; x_wconf 88' lang='lat' dir='ltr'>Aelianus</span> 
     </span>
     <span class='ocr_line' id='line_1_14' title="bbox 427 1225 1995 1283; baseline 0.001 -15"><span class='ocrx_word' id='word_1_99' title='bbox 427 1226 483 1282; x_wconf 85' lang='lat' dir='ltr'>(v.</span> <span class='ocrx_word' id='word_1_100' title='bbox 499 1227 600 1269; x_wconf 89' lang='lat' dir='ltr'>hist.</span> <span class='ocrx_word' id='word_1_101' title='bbox 618 1227 724 1268; x_wconf 88' lang='lat' dir='ltr'>VIII</span> <span class='ocrx_word' id='word_1_102' title='bbox 744 1226 815 1280; x_wconf 75' lang='lat'>17)</span> <span class='ocrx_word' id='word_1_103' title='bbox 836 1242 973 1281; x_wconf 86' lang='lat' dir='ltr'>neque</span> <span class='ocrx_word' id='word_1_104' title='bbox 995 1226 1074 1268; x_wconf 92' lang='lat' dir='ltr'>Dio</span> <span class='ocrx_word' id='word_1_105' title='bbox 1091 1225 1266 1268; x_wconf 81' lang='lat' dir='ltr'>Cassius</span> <span class='ocrx_word' id='word_1_106' title='bbox 1283 1225 1548 1283; x_wconf 78' lang='lat' dir='ltr'>(XXXVIII,</span> <span class='ocrx_word' id='word_1_107' title='bbox 1566 1226 1639 1283; x_wconf 78' lang='lat'>18)</span> <span class='ocrx_word' id='word_1_108' title='bbox 1659 1241 1796 1282; x_wconf 89' lang='lat' dir='ltr'>neque</span> <span class='ocrx_word' id='word_1_109' title='bbox 1812 1227 1995 1270; x_wconf 89' lang='lat' dir='ltr'>Photius</span> 
     </span>
     <span class='ocr_line' id='line_1_15' title="bbox 432 1296 1994 1354; baseline 0.001 -16"><span class='ocrx_word' id='word_1_110' title='bbox 432 1298 554 1354; x_wconf 72' lang='lat' dir='ltr'>(bibl.</span> <span class='ocrx_word' id='word_1_111' title='bbox 583 1299 668 1339; x_wconf 78' lang='lat' dir='ltr'>37ss</span> <span class='ocrx_word' id='word_1_112' title='bbox 698 1313 721 1339; x_wconf 89' lang='lat' dir='ltr'>a</span> <span class='ocrx_word' id='word_1_113' title='bbox 748 1296 822 1354; x_wconf 80' lang='lat'>34)</span> <span class='ocrx_word' id='word_1_114' title='bbox 857 1312 993 1352; x_wconf 89' lang='lat' dir='ltr'>neque</span> <span class='ocrx_word' id='word_1_115' title='bbox 1021 1296 1174 1339; x_wconf 82' lang='lat' dir='ltr'>Suidas</span> <span class='ocrx_word' id='word_1_116' title='bbox 1202 1296 1251 1353; x_wconf 88' lang='lat' dir='ltr'>(s.</span> <span class='ocrx_word' id='word_1_117' title='bbox 1273 1296 1330 1353; x_wconf 81' lang='lat' dir='ltr'>v.)</span> <span class='ocrx_word' id='word_1_118' title='bbox 1358 1297 1679 1354; x_wconf 83' lang='lat' dir='ltr'>Pythagoreum</span> <span class='ocrx_word' id='word_1_119' title='bbox 1708 1297 1994 1340; x_wconf 90' lang='lat' dir='ltr'>Democedem</span> 
     </span>
     <span class='ocr_line' id='line_1_16' title="bbox 428 1367 1996 1422; baseline 0.001 -12"><span class='ocrx_word' id='word_1_120' title='bbox 428 1368 667 1410; x_wconf 86' lang='lat' dir='ltr'>nominant.</span> <span class='ocrx_word' id='word_1_121' title='bbox 729 1367 795 1410; x_wconf 89' lang='lat' dir='ltr'>Ne</span> <span class='ocrx_word' id='word_1_122' title='bbox 827 1368 1094 1411; x_wconf 78' lang='lat' dir='ltr'>lamblichus</span> <span class='ocrx_word' id='word_1_123' title='bbox 1128 1369 1299 1422; x_wconf 89' lang='lat' dir='ltr'>quidem</span> <span class='ocrx_word' id='word_1_124' title='bbox 1336 1369 1441 1410; x_wconf 88' lang='lat' dir='ltr'>satis</span> <span class='ocrx_word' id='word_1_125' title='bbox 1475 1368 1559 1410; x_wconf 85' lang='lat' dir='ltr'>sibi</span> <span class='ocrx_word' id='word_1_126' title='bbox 1592 1372 1783 1422; x_wconf 78' lang='lat' dir='ltr'>constat,</span> <span class='ocrx_word' id='word_1_127' title='bbox 1823 1384 1919 1411; x_wconf 89' lang='lat' dir='ltr'>eum</span> <span class='ocrx_word' id='word_1_128' title='bbox 1952 1370 1996 1412; x_wconf 90' lang='lat' dir='ltr'>in</span> 
     </span>
     <span class='ocr_line' id='line_1_17' title="bbox 429 1438 1995 1497; baseline 0.001 -16"><span class='ocrx_word' id='word_1_129' title='bbox 429 1440 729 1481; x_wconf 86' lang='lat' dir='ltr'>enumerandis</span> <span class='ocrx_word' id='word_1_130' title='bbox 775 1438 1133 1481; x_wconf 86' lang='lat' dir='ltr'>Crotoniensibus</span> <span class='ocrx_word' id='word_1_131' title='bbox 1179 1439 1452 1495; x_wconf 79' lang='lat' dir='ltr'>Pythagorae</span> <span class='ocrx_word' id='word_1_132' title='bbox 1498 1440 1674 1482; x_wconf 88' lang='lat' dir='ltr'>asseclis</span> <span class='ocrx_word' id='word_1_133' title='bbox 1726 1438 1848 1497; x_wconf 86' lang='lat' dir='ltr'>(pag.</span> <span class='ocrx_word' id='word_1_134' title='bbox 1890 1439 1995 1497; x_wconf 73' lang='lat'>267)</span> 
     </span>
     <span class='ocr_line' id='line_1_18' title="bbox 429 1510 1995 1567; baseline 0.001 -15"><span class='ocrx_word' id='word_1_135' title='bbox 429 1511 714 1553; x_wconf 83' lang='lat' dir='ltr'>Democedem</span> <span class='ocrx_word' id='word_1_136' title='bbox 741 1525 830 1552; x_wconf 87' lang='lat' dir='ltr'>non</span> <span class='ocrx_word' id='word_1_137' title='bbox 857 1514 1177 1553; x_wconf 88' lang='lat' dir='ltr'>commemoret.</span> <span class='ocrx_word' id='word_1_138' title='bbox 1220 1510 1448 1552; x_wconf 86' lang='lat' dir='ltr'>Praeterea</span> <span class='ocrx_word' id='word_1_139' title='bbox 1473 1511 1588 1552; x_wconf 90' lang='lat' dir='ltr'>haud</span> <span class='ocrx_word' id='word_1_140' title='bbox 1616 1511 1704 1552; x_wconf 73' lang='lat' dir='ltr'>scio</span> <span class='ocrx_word' id='word_1_141' title='bbox 1732 1526 1787 1552; x_wconf 90' lang='lat' dir='ltr'>an</span> <span class='ocrx_word' id='word_1_142' title='bbox 1812 1512 1855 1553; x_wconf 90' lang='lat' dir='ltr'>id</span> <span class='ocrx_word' id='word_1_143' title='bbox 1883 1512 1995 1567; x_wconf 89' lang='lat' dir='ltr'>quod</span> 
     </span>
     <span class='ocr_line' id='line_1_19' title="bbox 429 1582 1996 1636; baseline 0.001 -13"><span class='ocrx_word' id='word_1_144' title='bbox 429 1583 478 1623; x_wconf 88' lang='lat' dir='ltr'>de</span> <span class='ocrx_word' id='word_1_145' title='bbox 511 1582 751 1624; x_wconf 86' lang='lat' dir='ltr'>Democede</span> <span class='ocrx_word' id='word_1_146' title='bbox 787 1582 1019 1623; x_wconf 82' lang='lat' dir='ltr'>Krischeus</span> <span class='ocrx_word' id='word_1_147' title='bbox 1059 1582 1298 1636; x_wconf 84' lang='lat' dir='ltr'>contendit,</span> <span class='ocrx_word' id='word_1_148' title='bbox 1337 1582 1382 1623; x_wconf 91' lang='lat' dir='ltr'>in</span> <span class='ocrx_word' id='word_1_149' title='bbox 1420 1585 1586 1624; x_wconf 89' lang='lat' dir='ltr'>ceteros</span> <span class='ocrx_word' id='word_1_150' title='bbox 1625 1582 1812 1624; x_wconf 86' lang='lat' dir='ltr'>medicos</span> <span class='ocrx_word' id='word_1_151' title='bbox 1846 1582 1996 1625; x_wconf 88' lang='lat' dir='ltr'>Croto-</span> 
     </span>
     <span class='ocr_line' id='line_1_20' title="bbox 430 1652 1996 1710; baseline 0.001 -16"><span class='ocrx_word' id='word_1_152' title='bbox 430 1653 601 1695; x_wconf 87' lang='lat' dir='ltr'>nienses</span> <span class='ocrx_word' id='word_1_153' title='bbox 628 1667 714 1694; x_wconf 90' lang='lat' dir='ltr'>non</span> <span class='ocrx_word' id='word_1_154' title='bbox 741 1653 894 1695; x_wconf 87' lang='lat' dir='ltr'>valeat.</span> <span class='ocrx_word' id='word_1_155' title='bbox 945 1652 1140 1707; x_wconf 87' lang='lat' dir='ltr'>Denique</span> <span class='ocrx_word' id='word_1_156' title='bbox 1172 1653 1476 1695; x_wconf 85' lang='lat' dir='ltr'>Alcmaeonem</span> <span class='ocrx_word' id='word_1_157' title='bbox 1510 1656 1624 1694; x_wconf 88' lang='lat' dir='ltr'>certe</span> <span class='ocrx_word' id='word_1_158' title='bbox 1658 1668 1682 1694; x_wconf 90' lang='lat' dir='ltr'>a</span> <span class='ocrx_word' id='word_1_159' title='bbox 1707 1653 1996 1710; x_wconf 83' lang='lat' dir='ltr'>Pythagoreis</span> 
     </span>
     <span class='ocr_line' id='line_1_21' title="bbox 428 1724 1701 1780; baseline 0 -15"><span class='ocrx_word' id='word_1_160' title='bbox 428 1725 761 1780; x_wconf 86' lang='lat' dir='ltr'>diligentissime</span> <span class='ocrx_word' id='word_1_161' title='bbox 795 1725 1111 1780; x_wconf 85' lang='lat' dir='ltr'>segregandum</span> <span class='ocrx_word' id='word_1_162' title='bbox 1145 1739 1237 1766; x_wconf 91' lang='lat' dir='ltr'>esse</span> <span class='ocrx_word' id='word_1_163' title='bbox 1270 1724 1395 1767; x_wconf 86' lang='lat' dir='ltr'>docet</span> <span class='ocrx_word' id='word_1_164' title='bbox 1428 1724 1701 1766; x_wconf 84' lang='lat' dir='ltr'>Aristoteles.</span> 
     </span>
    </p>

    <p class='ocr_par' dir='ltr' id='par_1_3' title="bbox 426 1794 1996 2775">
     <span class='ocr_line' id='line_1_22' title="bbox 550 1794 1995 1852; baseline 0.001 -15"><span class='ocrx_word' id='word_1_165' title='bbox 550 1796 702 1851; x_wconf 89' lang='lat' dir='ltr'>Itaque</span> <span class='ocrx_word' id='word_1_166' title='bbox 749 1794 1078 1838; x_wconf 81' lang='lat' dir='ltr'>Crotoniensem</span> <span class='ocrx_word' id='word_1_167' title='bbox 1123 1796 1388 1837; x_wconf 89' lang='lat' dir='ltr'>medicorum</span> <span class='ocrx_word' id='word_1_168' title='bbox 1433 1799 1596 1838; x_wconf 89' lang='lat' dir='ltr'>sectam</span> <span class='ocrx_word' id='word_1_169' title='bbox 1642 1811 1666 1837; x_wconf 89' lang='lat' dir='ltr'>a</span> <span class='ocrx_word' id='word_1_170' title='bbox 1707 1796 1995 1852; x_wconf 80' lang='lat' dir='ltr'>Pythagoreis</span> 
     </span>
     <span class='ocr_line' id='line_1_23' title="bbox 429 1867 1994 1922; baseline 0.001 -14"><span class='ocrx_word' id='word_1_171' title='bbox 429 1867 733 1909; x_wconf 89' lang='lat' dir='ltr'>secernendam</span> <span class='ocrx_word' id='word_1_172' title='bbox 767 1881 858 1909; x_wconf 87' lang='lat' dir='ltr'>esse</span> <span class='ocrx_word' id='word_1_173' title='bbox 890 1867 1153 1922; x_wconf 81' lang='lat' dir='ltr'>putaverim,</span> <span class='ocrx_word' id='word_1_174' title='bbox 1192 1867 1254 1908; x_wconf 89' lang='lat' dir='ltr'>ita</span> <span class='ocrx_word' id='word_1_175' title='bbox 1286 1870 1444 1921; x_wconf 81' lang='lat' dir='ltr'>tamen,</span> <span class='ocrx_word' id='word_1_176' title='bbox 1476 1870 1526 1908; x_wconf 91' lang='lat' dir='ltr'>ut</span> <span class='ocrx_word' id='word_1_177' title='bbox 1559 1882 1646 1909; x_wconf 90' lang='lat' dir='ltr'>non</span> <span class='ocrx_word' id='word_1_178' title='bbox 1679 1867 1820 1909; x_wconf 91' lang='lat' dir='ltr'>solum</span> <span class='ocrx_word' id='word_1_179' title='bbox 1853 1870 1994 1909; x_wconf 87' lang='lat' dir='ltr'>artam</span> 
     </span>
     <span class='ocr_line' id='line_1_24' title="bbox 430 1936 1996 1995; baseline 0.001 -16"><span class='ocrx_word' id='word_1_180' title='bbox 430 1938 668 1980; x_wconf 85' lang='lat' dir='ltr'>amicitiam</span> <span class='ocrx_word' id='word_1_181' title='bbox 708 1936 850 1994; x_wconf 85' lang='lat' dir='ltr'>(cuius</span> <span class='ocrx_word' id='word_1_182' title='bbox 882 1938 1159 1980; x_wconf 84' lang='lat' dir='ltr'>Alcmaeonis</span> <span class='ocrx_word' id='word_1_183' title='bbox 1194 1953 1362 1993; x_wconf 87' lang='lat' dir='ltr'>quoque</span> <span class='ocrx_word' id='word_1_184' title='bbox 1395 1938 1506 1980; x_wconf 86' lang='lat' dir='ltr'>liber</span> <span class='ocrx_word' id='word_1_185' title='bbox 1537 1941 1864 1980; x_wconf 89' lang='lat' dir='ltr'>monumentum</span> <span class='ocrx_word' id='word_1_186' title='bbox 1898 1938 1996 1995; x_wconf 86' lang='lat' dir='ltr'>est),</span> 
     </span>
     <span class='ocr_line' id='line_1_25' title="bbox 427 2009 1994 2065; baseline 0.002 -16"><span class='ocrx_word' id='word_1_187' title='bbox 427 2009 451 2050; x_wconf 91' lang='lat' dir='ltr'>i.</span> <span class='ocrx_word' id='word_1_188' title='bbox 488 2024 522 2050; x_wconf 89' lang='lat' dir='ltr'>e.</span> <span class='ocrx_word' id='word_1_189' title='bbox 562 2009 784 2052; x_wconf 86' lang='lat' dir='ltr'>doctrinae</span> <span class='ocrx_word' id='word_1_190' title='bbox 826 2012 869 2051; x_wconf 88' lang='lat' dir='ltr'>et</span> <span class='ocrx_word' id='word_1_191' title='bbox 910 2009 1234 2052; x_wconf 88' lang='lat' dir='ltr'>consuetudinis</span> <span class='ocrx_word' id='word_1_192' title='bbox 1275 2010 1600 2064; x_wconf 79' lang='lat' dir='ltr'>commercium,</span> <span class='ocrx_word' id='word_1_193' title='bbox 1637 2010 1750 2051; x_wconf 86' lang='lat' dir='ltr'>inter</span> <span class='ocrx_word' id='word_1_194' title='bbox 1788 2013 1994 2065; x_wconf 86' lang='lat' dir='ltr'>utrosque</span> 
     </span>
     <span class='ocr_line' id='line_1_26' title="bbox 427 2080 1994 2135; baseline 0.001 -15"><span class='ocrx_word' id='word_1_195' title='bbox 427 2080 739 2134; x_wconf 78' lang='lat' dir='ltr'>intercessisse,</span> <span class='ocrx_word' id='word_1_196' title='bbox 783 2081 854 2122; x_wconf 87' lang='lat' dir='ltr'>sed</span> <span class='ocrx_word' id='word_1_197' title='bbox 895 2081 1026 2122; x_wconf 87' lang='lat' dir='ltr'>etiam</span> <span class='ocrx_word' id='word_1_198' title='bbox 1065 2081 1290 2135; x_wconf 85' lang='lat' dir='ltr'>utriusque</span> <span class='ocrx_word' id='word_1_199' title='bbox 1331 2083 1471 2122; x_wconf 89' lang='lat' dir='ltr'>sectae</span> <span class='ocrx_word' id='word_1_200' title='bbox 1511 2081 1686 2122; x_wconf 89' lang='lat' dir='ltr'>asseclis</span> <span class='ocrx_word' id='word_1_201' title='bbox 1726 2080 1775 2121; x_wconf 86' lang='lat' dir='ltr'>ad</span> <span class='ocrx_word' id='word_1_202' title='bbox 1816 2080 1994 2122; x_wconf 87' lang='lat' dir='ltr'>alterius</span> 
     </span>
     <span class='ocr_line' id='line_1_27' title="bbox 429 2151 1994 2207; baseline 0 -15"><span class='ocrx_word' id='word_1_203' title='bbox 429 2151 681 2192; x_wconf 83' lang='lat' dir='ltr'>societatem</span> <span class='ocrx_word' id='word_1_204' title='bbox 715 2152 914 2194; x_wconf 88' lang='lat' dir='ltr'>accedere</span> <span class='ocrx_word' id='word_1_205' title='bbox 942 2151 1110 2194; x_wconf 87' lang='lat' dir='ltr'>licitum</span> <span class='ocrx_word' id='word_1_206' title='bbox 1140 2166 1231 2193; x_wconf 85' lang='lat' dir='ltr'>esse</span> <span class='ocrx_word' id='word_1_207' title='bbox 1259 2151 1492 2193; x_wconf 87' lang='lat' dir='ltr'>credamus.</span> <span class='ocrx_word' id='word_1_208' title='bbox 1545 2151 1667 2201; x_wconf 84' lang='lat' dir='ltr'>Quod</span> <span class='ocrx_word' id='word_1_209' title='bbox 1695 2151 1994 2207; x_wconf 88' lang='lat' dir='ltr'>Pythagoreos</span> 
     </span>
     <span class='ocr_line' id='line_1_28' title="bbox 428 2221 1995 2276; baseline 0.001 -14"><span class='ocrx_word' id='word_1_210' title='bbox 428 2221 641 2276; x_wconf 81' lang='lat' dir='ltr'>imprimis</span> <span class='ocrx_word' id='word_1_211' title='bbox 674 2222 825 2263; x_wconf 83' lang='lat' dir='ltr'>fecisse</span> <span class='ocrx_word' id='word_1_212' title='bbox 859 2223 954 2276; x_wconf 88' lang='lat' dir='ltr'>ipsa</span> <span class='ocrx_word' id='word_1_213' title='bbox 986 2238 1029 2264; x_wconf 87' lang='lat' dir='ltr'>re</span> <span class='ocrx_word' id='word_1_214' title='bbox 1062 2223 1152 2264; x_wconf 83' lang='lat' dir='ltr'>veri</span> <span class='ocrx_word' id='word_1_215' title='bbox 1186 2225 1252 2264; x_wconf 86' lang='lat' dir='ltr'>est</span> <span class='ocrx_word' id='word_1_216' title='bbox 1284 2222 1565 2264; x_wconf 89' lang='lat' dir='ltr'>simillimum.</span> <span class='ocrx_word' id='word_1_217' title='bbox 1623 2221 1736 2264; x_wconf 90' lang='lat' dir='ltr'>Nam</span> <span class='ocrx_word' id='word_1_218' title='bbox 1770 2225 1812 2264; x_wconf 89' lang='lat' dir='ltr'>et</span> <span class='ocrx_word' id='word_1_219' title='bbox 1845 2221 1995 2264; x_wconf 86' lang='lat' dir='ltr'>Croto-</span> 
     </span>
     <span class='ocr_line' id='line_1_29' title="bbox 426 2292 1993 2348; baseline 0.001 -16"><span class='ocrx_word' id='word_1_220' title='bbox 426 2292 619 2333; x_wconf 89' lang='lat' dir='ltr'>niensem</span> <span class='ocrx_word' id='word_1_221' title='bbox 663 2293 715 2334; x_wconf 89' lang='lat' dir='ltr'>ad</span> <span class='ocrx_word' id='word_1_222' title='bbox 759 2293 952 2335; x_wconf 89' lang='lat' dir='ltr'>scholam</span> <span class='ocrx_word' id='word_1_223' title='bbox 999 2294 1136 2335; x_wconf 84' lang='lat' dir='ltr'>multo</span> <span class='ocrx_word' id='word_1_224' title='bbox 1183 2297 1296 2335; x_wconf 88' lang='lat' dir='ltr'>certe</span> <span class='ocrx_word' id='word_1_225' title='bbox 1342 2293 1582 2348; x_wconf 84' lang='lat' dir='ltr'>expeditior</span> <span class='ocrx_word' id='word_1_226' title='bbox 1627 2294 1806 2347; x_wconf 88' lang='lat' dir='ltr'>patebat</span> <span class='ocrx_word' id='word_1_227' title='bbox 1850 2293 1993 2335; x_wconf 87' lang='lat' dir='ltr'>aditus</span> 
     </span>
     <span class='ocr_line' id='line_1_30' title="bbox 428 2363 1996 2419; baseline 0.001 -16"><span class='ocrx_word' id='word_1_228' title='bbox 428 2378 557 2417; x_wconf 86' lang='lat' dir='ltr'>quam</span> <span class='ocrx_word' id='word_1_229' title='bbox 590 2364 642 2404; x_wconf 89' lang='lat' dir='ltr'>ad</span> <span class='ocrx_word' id='word_1_230' title='bbox 674 2363 868 2418; x_wconf 87' lang='lat' dir='ltr'>ipsorum</span> <span class='ocrx_word' id='word_1_231' title='bbox 900 2365 1156 2406; x_wconf 85' lang='lat' dir='ltr'>societatem</span> <span class='ocrx_word' id='word_1_232' title='bbox 1193 2365 1363 2419; x_wconf 87' lang='lat' dir='ltr'>legibus</span> <span class='ocrx_word' id='word_1_233' title='bbox 1403 2364 1688 2406; x_wconf 82' lang='lat' dir='ltr'>severissimis</span> <span class='ocrx_word' id='word_1_234' title='bbox 1728 2364 1996 2419; x_wconf 80' lang='lat' dir='ltr'>adstrictam,</span> 
     </span>
     <span class='ocr_line' id='line_1_31' title="bbox 426 2435 1993 2492; baseline 0.002 -18"><span class='ocrx_word' id='word_1_235' title='bbox 426 2448 564 2488; x_wconf 85' lang='lat' dir='ltr'>neque</span> <span class='ocrx_word' id='word_1_236' title='bbox 603 2435 743 2476; x_wconf 88' lang='lat' dir='ltr'>solum</span> <span class='ocrx_word' id='word_1_237' title='bbox 783 2450 866 2490; x_wconf 87' lang='lat' dir='ltr'>qua</span> <span class='ocrx_word' id='word_1_238' title='bbox 899 2435 1060 2477; x_wconf 85' lang='lat' dir='ltr'>fuerint</span> <span class='ocrx_word' id='word_1_239' title='bbox 1098 2438 1407 2492; x_wconf 81' lang='grc' dir='ltr'><em>πουλυμαθίῃ,</em></span> <span class='ocrx_word' id='word_1_240' title='bbox 1446 2435 1519 2477; x_wconf 89' lang='lat' dir='ltr'>sed</span> <span class='ocrx_word' id='word_1_241' title='bbox 1559 2435 1691 2477; x_wconf 89' lang='lat' dir='ltr'>etiam</span> <span class='ocrx_word' id='word_1_242' title='bbox 1729 2437 1993 2490; x_wconf 86' lang='lat' dir='ltr'>quantopere</span> 
     </span>
     <span class='ocr_line' id='line_1_32' title="bbox 429 2505 1993 2563; baseline 0.001 -18"><span class='ocrx_word' id='word_1_243' title='bbox 429 2505 663 2547; x_wconf 83' lang='lat' dir='ltr'>medicinae</span> <span class='ocrx_word' id='word_1_244' title='bbox 704 2505 918 2560; x_wconf 83' lang='lat' dir='ltr'>imprimis</span> <span class='ocrx_word' id='word_1_245' title='bbox 957 2506 1144 2548; x_wconf 87' lang='lat' dir='ltr'>faverint</span> <span class='ocrx_word' id='word_1_246' title='bbox 1183 2522 1308 2548; x_wconf 89' lang='lat' dir='ltr'>nemo</span> <span class='ocrx_word' id='word_1_247' title='bbox 1346 2506 1502 2563; x_wconf 77' lang='lat' dir='ltr'>nescit3</span> <span class='ocrx_word' id='word_1_248' title='bbox 1543 2506 1663 2548; x_wconf 90' lang='lat' dir='ltr'>cuius</span> <span class='ocrx_word' id='word_1_249' title='bbox 1702 2509 1847 2547; x_wconf 89' lang='lat' dir='ltr'>tamen</span> <span class='ocrx_word' id='word_1_250' title='bbox 1886 2506 1993 2548; x_wconf 90' lang='lat' dir='ltr'>artis</span> 
     </span>
     <span class='ocr_line' id='line_1_33' title="bbox 429 2577 1992 2632; baseline 0.001 -15"><span class='ocrx_word' id='word_1_251' title='bbox 429 2591 522 2617; x_wconf 87' lang='lat' dir='ltr'>eam</span> <span class='ocrx_word' id='word_1_252' title='bbox 568 2579 738 2618; x_wconf 87' lang='lat' dir='ltr'>tantum</span> <span class='ocrx_word' id='word_1_253' title='bbox 781 2581 949 2632; x_wconf 89' lang='lat' dir='ltr'>partem</span> <span class='ocrx_word' id='word_1_254' title='bbox 995 2578 1233 2619; x_wconf 77' lang='lat' dir='ltr'>excoluisse</span> <span class='ocrx_word' id='word_1_255' title='bbox 1280 2578 1498 2632; x_wconf 82' lang='lat' dir='ltr'>dicuntur,</span> <span class='ocrx_word' id='word_1_256' title='bbox 1550 2592 1658 2632; x_wconf 85' lang='lat' dir='ltr'>quae</span> <span class='ocrx_word' id='word_1_257' title='bbox 1703 2577 1888 2618; x_wconf 89' lang='lat' dir='ltr'>maxime</span> <span class='ocrx_word' id='word_1_258' title='bbox 1938 2577 1992 2618; x_wconf 90' lang='lat' dir='ltr'>ab</span> 
     </span>
     <span class='ocr_line' id='line_1_34' title="bbox 429 2647 1993 2703; baseline 0.001 -16"><span class='ocrx_word' id='word_1_259' title='bbox 429 2647 678 2688; x_wconf 86' lang='lat' dir='ltr'>hominibus</span> <span class='ocrx_word' id='word_1_260' title='bbox 712 2648 819 2689; x_wconf 87' lang='lat' dir='ltr'>artis</span> <span class='ocrx_word' id='word_1_261' title='bbox 852 2648 1066 2703; x_wconf 88' lang='lat' dir='ltr'>imperitis</span> <span class='ocrx_word' id='word_1_262' title='bbox 1100 2649 1278 2690; x_wconf 89' lang='lat' dir='ltr'>tractari</span> <span class='ocrx_word' id='word_1_263' title='bbox 1311 2649 1466 2692; x_wconf 82' lang='lat' dir='ltr'>soleat.</span> <span class='ocrx_word' id='word_1_264' title='bbox 1505 2663 1561 2690; x_wconf 89' lang='lat' dir='ltr'>sc.</span> <span class='ocrx_word' id='word_1_265' title='bbox 1595 2648 1733 2690; x_wconf 81' lang='lat' dir='ltr'>victus</span> <span class='ocrx_word' id='word_1_266' title='bbox 1770 2648 1993 2690; x_wconf 88' lang='lat' dir='ltr'>rationem.</span> 
     </span>
     <span class='ocr_line' id='line_1_35' title="bbox 431 2717 1993 2775; baseline 0.002 -17"><span class='ocrx_word' id='word_1_267' title='bbox 431 2717 593 2759; x_wconf 85' lang='lat' dir='ltr'>Verum</span> <span class='ocrx_word' id='word_1_268' title='bbox 625 2733 676 2759; x_wconf 89' lang='lat' dir='ltr'>ne</span> <span class='ocrx_word' id='word_1_269' title='bbox 710 2718 821 2760; x_wconf 88' lang='lat' dir='ltr'>hanc</span> <span class='ocrx_word' id='word_1_270' title='bbox 853 2719 1025 2774; x_wconf 89' lang='lat' dir='ltr'>quidem</span> <span class='ocrx_word' id='word_1_271' title='bbox 1058 2734 1082 2760; x_wconf 89' lang='lat' dir='ltr'>a</span> <span class='ocrx_word' id='word_1_272' title='bbox 1108 2719 1396 2775; x_wconf 84' lang='lat' dir='ltr'>Pythagoreis</span> <span class='ocrx_word' id='word_1_273' title='bbox 1424 2719 1656 2762; x_wconf 85' lang='lat' dir='ltr'>Crotonem</span> <span class='ocrx_word' id='word_1_274' title='bbox 1690 2719 1868 2761; x_wconf 86' lang='lat' dir='ltr'>allatam</span> <span class='ocrx_word' id='word_1_275' title='bbox 1901 2733 1993 2761; x_wconf 86' lang='lat' dir='ltr'>esse</span> 
     </span>
    </p>
   </div>
   <div class='ocr_carea' id='block_1_3' title="bbox 431 2894 1994 3059">
    <p class='ocr_par' dir='ltr' id='par_1_4' title="bbox 431 2894 1994 3059">
     <span class='ocr_line' id='line_1_36' title="bbox 552 2894 1993 2941; baseline 0.001 -13"><span class='ocrx_word' id='word_1_276' title='bbox 552 2896 588 2938; x_wconf 93' lang='lat'>1)</span> <span class='ocrx_word' id='word_1_277' title='bbox 606 2894 784 2939; x_wconf 80' lang='lat' dir='ltr'>Iosephus</span> <span class='ocrx_word' id='word_1_278' title='bbox 806 2905 858 2930; x_wconf 84' lang='lat' dir='ltr'>ca.</span> <span class='ocrx_word' id='word_1_279' title='bbox 877 2895 1058 2940; x_wconf 82' lang='lat' dir='ltr'>Apionem</span> <span class='ocrx_word' id='word_1_280' title='bbox 1082 2895 1094 2928; x_wconf 97' lang='lat' dir='ltr'>I</span> <span class='ocrx_word' id='word_1_281' title='bbox 1117 2898 1184 2930; x_wconf 88' lang='lat'>164</span> <span class='ocrx_word' id='word_1_282' title='bbox 1201 2897 1296 2941; x_wconf 86' lang='lat' dir='ltr'>(pag.</span> <span class='ocrx_word' id='word_1_283' title='bbox 1315 2899 1372 2940; x_wconf 88' lang='lat'>30,</span> <span class='ocrx_word' id='word_1_284' title='bbox 1387 2900 1430 2931; x_wconf 83' lang='lat'>25</span> <span class='ocrx_word' id='word_1_285' title='bbox 1447 2895 1573 2940; x_wconf 79' lang='lat' dir='ltr'>Niese)</span> <span class='ocrx_word' id='word_1_286' title='bbox 1588 2895 1701 2930; x_wconf 82' lang='lat' dir='ltr'>etiam</span> <span class='ocrx_word' id='word_1_287' title='bbox 1719 2894 1993 2940; x_wconf 79' lang='lat' dir='ltr'>Calliphontem</span> 
     </span>
     <span class='ocr_line' id='line_1_37' title="bbox 431 2951 1994 2998; baseline 0.001 -12"><span class='ocrx_word' id='word_1_288' title='bbox 431 2951 685 2987; x_wconf 82' lang='lat' dir='ltr'>Crotoniatam</span> <span class='ocrx_word' id='word_1_289' title='bbox 713 2953 943 2998; x_wconf 70' lang='grc' dir='ltr'><em>Πυθαγόρου</em></span> <span class='ocrx_word' id='word_1_290' title='bbox 971 2954 1242 2998; x_wconf 82' lang='grc' dir='ltr'><em>συνουσιαστὴν</em></span> <span class='ocrx_word' id='word_1_291' title='bbox 1270 2954 1381 2990; x_wconf 81' lang='lat' dir='ltr'>fuisse</span> <span class='ocrx_word' id='word_1_292' title='bbox 1408 2956 1544 2990; x_wconf 78' lang='lat' dir='ltr'>narrat.</span> <span class='ocrx_word' id='word_1_293' title='bbox 1596 2954 1667 2989; x_wconf 82' lang='lat' dir='ltr'>Sed</span> <span class='ocrx_word' id='word_1_294' title='bbox 1694 2957 1844 2990; x_wconf 81' lang='lat' dir='ltr'>auctore</span> <span class='ocrx_word' id='word_1_295' title='bbox 1877 2953 1994 2989; x_wconf 74' lang='lat' dir='ltr'>utitur</span> 
     </span>
     <span class='ocr_line' id='line_1_38' title="bbox 435 3011 1821 3059; baseline 0.001 -13"><span class='ocrx_word' id='word_1_296' title='bbox 435 3011 648 3057; x_wconf 84' lang='lat' dir='ltr'>Hermippo,</span> <span class='ocrx_word' id='word_1_297' title='bbox 676 3022 747 3056; x_wconf 87' lang='lat' dir='ltr'>quo</span> <span class='ocrx_word' id='word_1_298' title='bbox 775 3013 818 3047; x_wconf 83' lang='lat' dir='ltr'>dc</span> <span class='ocrx_word' id='word_1_299' title='bbox 847 3013 935 3047; x_wconf 77' lang='lat' dir='ltr'>satis</span> <span class='ocrx_word' id='word_1_300' title='bbox 963 3013 1082 3048; x_wconf 82' lang='lat' dir='ltr'>habco</span> <span class='ocrx_word' id='word_1_301' title='bbox 1108 3015 1153 3048; x_wconf 84' lang='lat' dir='ltr'>ad</span> <span class='ocrx_word' id='word_1_302' title='bbox 1182 3014 1271 3049; x_wconf 83' lang='lat' dir='ltr'>Dox.</span> <span class='ocrx_word' id='word_1_303' title='bbox 1292 3013 1402 3052; x_wconf 80' lang='lat' dir='ltr'>Proll.</span> <span class='ocrx_word' id='word_1_304' title='bbox 1424 3026 1457 3059; x_wconf 89' lang='lat' dir='ltr'>p.</span> <span class='ocrx_word' id='word_1_305' title='bbox 1483 3018 1548 3049; x_wconf 88' lang='lat'>150</span> <span class='ocrx_word' id='word_1_306' title='bbox 1574 3016 1611 3049; x_wconf 88' lang='lat' dir='ltr'>te</span> <span class='ocrx_word' id='word_1_307' title='bbox 1638 3011 1821 3057; x_wconf 83' lang='lat' dir='ltr'>delegare.</span> 
     </span>
    </p>
   </div>
  </div>
 </body>
</html>
