2125 3439
760 267 812 272 .-
876 242 923 284 5(
996 268 1048 273 —

241 347 537 390 Immortalem
577 363 669 390 esse
709 349 897 391 animam
942 349 1039 391 inde
1086 350 1253 405 colligit
1294 350 1519 406 Alcmaeo,
1561 351 1687 406 quod,

123 433 220 460 cum
251 434 463 474 nusquam
498 420 659 461 moveri
693 420 862 461 desinat
894 420 1038 476 itaque
1072 436 1241 462 summa
1273 421 1556 463 similitudine
1590 437 1686 464 cuni

123 490 262 531 stellis
295 490 442 532 iuncta
473 490 542 542 sit,
576 490 723 530 eadem
756 489 844 531 fere
879 505 962 544 qua
992 492 1142 533 stellae
1177 496 1332 534 natura
1359 508 1451 535 esse
1479 494 1686 548 videatur⁷

125 575 231 615 quas
277 562 324 601 ut
368 560 533 601 divinas
579 560 846 601 immortales
893 575 985 602 esse
1038 577 1210 604 necesse
1255 564 1325 604 sit.
1391 562 1687 606 concedamus

123 630 368 685 analogiam
406 630 756 672 audacissimam:
802 646 877 672 cur
915 646 1084 686 semper
1123 634 1285 675 moveri
1326 634 1513 675 animam
1553 635 1687 676 dicit?

123 700 237 743 Nam
275 701 457 742 rationis
497 700 742 742 actionibus
781 716 1003 756 nunquam
1044 727 1097 731 —
1138 703 1173 744 si
1214 704 1338 744 modo
1379 720 1599 759 nunquam
1635 730 1686 734 -

121 771 513 814 intermittentibus
539 771 650 814 hanc
678 772 731 813 ad
752 772 999 827 opinionem
1020 773 1252 815 adductum
1274 789 1365 815 esse
1388 774 1686 818 Crotonialam

123 857 200 884 suo
237 843 327 885 iure
365 846 498 898 negat
532 842 814 897 Gomperzius
848 842 1028 899 (Griecle.
1062 844 1225 886 Demi-er
1258 860 1294 899 p.
1327 846 1447 901 122),
1486 847 1687 900 quoniam

122 928 174 956 ne
208 929 363 969 corpus
397 914 570 968 quidem
598 915 728 956 morti
756 915 951 956 debitum
979 918 1187 970 perpetua
1213 916 1415 970 pulsuum
1449 918 1688 972 agitatione

122 987 277 1027 careat.
345 983 503 1026 Verum
536 986 676 1027 omnis
716 986 828 1027 vitae
868 986 1033 1028 fontem
1067 987 1342 1043 omniumque
1378 991 1573 1030 motuum
1608 989 1687 1030 ori-

123 1056 268 1112 ginem
289 1055 477 1098 animam
499 1070 591 1098 esse
613 1057 800 1099 voluisse
828 1057 1042 1112 putandus
1064 1060 1142 1113 est,
1165 1058 1229 1100 ita
1250 1061 1298 1100 ut
1320 1059 1362 1100 in
1383 1059 1494 1101 hunc
1518 1074 1687 1114 quoque

125 1128 336 1182 quadrent
368 1141 475 1181 quae
509 1128 558 1169 (le
587 1143 651 1169 an.
679 1128 695 1168 I
725 1129 762 1182 2,
789 1128 910 1170 4031)
934 1129 987 1170 28
1015 1128 1180 1183 profert
1203 1129 1475 1171 Aristoteles:
1511 1129 1577 1186 (οἱ
1602 1139 1688 1172 τῶν

122 1196 478 1253 προγενεστέρων
515 1199 594 1252 τὴν
630 1200 775 1253 ψυχὴν
810 1199 1051 1254 φάσκοντες
1085 1198 1157 1241 καὶ
1190 1200 1374 1254 μάλιστα
1410 1200 1480 1243 καὶ
1509 1203 1690 1256 πρώτως

125 1266 237 1311 εἶναι
263 1269 310 1310 τὸ
334 1268 508 1324 κινοῦν)
536 1269 762 1323 οἰηθέντες
787 1272 835 1312 τὸ
856 1271 913 1324 μὴ
935 1272 1198 1325 κινούμενον
1226 1271 1331 1313 αὐτὸ
1352 1274 1410 1327 μὴ
1432 1272 1690 1327 ἐνδέχεσθαι

123 1346 265 1382 κινεῖν
298 1339 463 1394 ἕτερον,
495 1347 582 1382 τῶν
607 1340 883 1395 κινουμένων
910 1357 950 1383 τι
977 1343 1055 1396 τὴν
1083 1344 1227 1397 ψυχὴν
1255 1342 1487 1399 ὑπέλαβον.
1537 1344 1688 1398 Itaque

122 1412 266 1453 anima
303 1426 411 1466 quae
451 1426 606 1466 corpus
645 1415 790 1454 movet
832 1413 925 1467 ipsa
968 1413 1252 1468 αὐτοκίνητος
1291 1418 1374 1468 est,
1419 1414 1575 1469 quippe
1621 1414 1688 1455 cui

123 1482 321 1524 movendi
354 1482 538 1524 facultas
571 1483 721 1524 innata
753 1483 876 1538 quasi
909 1484 976 1525 sit.

241 1565 373 1608 Cuius
395 1566 616 1608 doctrinae
638 1567 824 1622 vestigia
844 1567 978 1609 latere
999 1567 1045 1609 in
1064 1567 1250 1609 Phaedri
1270 1567 1487 1609 Platonici
1510 1567 1642 1622 9245
1656 1566 1688 1609 C

123 1653 220 1680 cum
246 1637 332 1679 iam
361 1636 676 1693 Simplicium1)
703 1653 790 1679 non
817 1638 991 1693 fugerit,
1020 1638 1253 1680 Krischeus
1279 1637 1588 1694 (Ibrschmzyen
1615 1653 1690 1681 zur

117 1709 265 1764 yriech.
292 1708 446 1750 Philos.
481 1708 498 1749 I
535 1708 628 1764 76),
661 1708 876 1750 Hirzelius
910 1708 955 1765 (l.
982 1708 1042 1766 1.),
1077 1709 1363 1751 Susemihlius
1399 1709 1558 1766 (Genet.
1585 1710 1689 1751 Ent-

121 1780 321 1834 wickluny
346 1781 382 1821 d.
405 1779 516 1821 Plat.
538 1779 693 1821 Philos.
715 1779 735 1821 I
763 1778 881 1836 229),
908 1780 1097 1822 Zellerus
1124 1779 1186 1836 (1⁵
1205 1782 1304 1834 489,
1325 1780 1371 1837 2)
1401 1781 1688 1823 consentiunt.

123 1851 269 1893 Verba
307 1853 408 1892 sunt
444 1850 566 1892 haec:
614 1851 739 1905 Ψυχὴ
778 1857 894 1892 πᾶσα
934 1850 1167 1901 ἀθάνατος.
1230 1853 1278 1894 τὸ
1318 1853 1400 1907 γὰρ
1440 1852 1688 1907 ἀεικίνητον

123 1922 367 1964 ἀθάνατον·
393 1922 441 1963 τὸ
469 1919 507 1962 ὁ’
535 1922 642 1963 ἄλλο
669 1928 826 1963 κινοῦν
852 1921 924 1963 καὶ
944 1920 1016 1963 ὑπ’
1043 1923 1180 1964 ἄλλου
1206 1923 1488 1977 κινούμενον,
1514 1927 1688 1966 παῦλαν

123 1995 487 2053 ἔχον-κινήσεως,
526 1996 699 2034 παῦλαν
738 1994 824 2047 ἔχει
859 1995 977 2050 ζῳῆς.
1040 1996 1178 2048 μόνον
1211 1995 1264 2047 δὴ
1298 1996 1345 2036 τὸ
1379 1994 1486 2037 αὑτὸ
1518 2002 1690 2048 κινοῦν,

123 2066 195 2106 ἅτε
229 2065 309 2107 οὐκ
341 2063 580 2105 ἀπολεῖπον
614 2061 763 2116 ἑαυτό,
801 2064 960 2105 οὔποτε
994 2066 1115 2118 λήγει
1148 2066 1432 2119 κινούμενον,
1471 2065 1580 2107 ἀλλὰ
1618 2065 1689 2107 καὶ

125 2144 214 2186 τοῖς
245 2137 394 2185 ἄλλοις
426 2135 507 2176 ὅσα
539 2142 743 2187 κινεῖται,
782 2141 911 2177 τοῦτο
949 2136 1064 2190 πηγὴ
1103 2134 1175 2177 καὶ
1215 2136 1325 2191 ἀρχὴ
1362 2142 1436 2190 τῆς
1467 2138 1688 2190 κινήσεως.

126 2206 207 2248 Sed
229 2206 485 2248 Crotoniata
505 2206 654 2247 rudem
674 2205 719 2246 in
741 2207 914 2247 modum
937 2221 1012 2261 per
1033 2207 1278 2262 analogiam
1301 2207 1487 2263 colligit:
1516 2207 1689 2248 ‘Anima

125 2278 261 2320 stellis
289 2280 495 2332 perpetuo
523 2276 652 2318 motis
680 2277 835 2318 similis
863 2280 928 2319 est
957 2280 1077 2318 motu
1104 2281 1312 2332 perpetuo
1325 2277 1375 2334 2);
1403 2293 1506 2333 ergo
1535 2264 1707 2319 ceteris·

126 2363 295 2403 quoque
334 2348 638 2403 qualitatibus:
685 2362 788 2403 ergo
828 2348 958 2389 etiam
999 2349 1349 2390 immortalitate'
1391 2350 1564 2390 notione
1610 2356 1688 2390 τοῦ

125 2419 429 2472 αὐτοκινήτου,
462 2419 499 2460 si
530 2419 635 2460 fides
669 2421 736 2460 est
766 2419 1008 2473 Aristoteli,
1040 2420 1165 2474 plane
1201 2421 1417 2475 neglecta3
1452 2420 1575 2461 Plato
1609 2420 1688 2461 hac

126 2491 220 2545 ipsa
250 2490 426 2531 notione
459 2490 584 2531 nixus
616 2504 692 2544 per
725 2490 1004 2545 syllogismos
1039 2490 1276 2532 concludit:

247 2680 278 2722 1)
308 2679 377 2720 Qui
403 2678 530 2724 paullo
558 2679 641 2723 post
667 2689 710 2712 ea
736 2689 829 2722 quae
850 2689 960 2722 supra
980 2678 1090 2713 attuli
1118 2679 1231 2714 verba
1258 2678 1351 2714 οὕτω
1379 2677 1438 2721 δή,
1467 2678 1596 2722 influit,
1625 2677 1687 2712 καὶ

126 2734 166 2772 ἔν
185 2738 234 2785 τῷ
258 2739 406 2785 Φαίδρῳ
433 2737 481 2778 ὡς
501 2738 711 2782 ἀεικίνητος
731 2736 795 2771 διὰ
818 2737 858 2771 τὸ
885 2735 983 2771 εἶναι
1005 2738 1245 2781 αὑτοκίνητος
1266 2739 1456 2773 δείκνυται
1483 2737 1688 2779 ἀθάνατος.

126 2817 169 2822 —-
207 2795 386 2832 Similiter
419 2797 532 2842 Legg.
559 2796 589 2831 X
617 2801 683 2831 800
708 2799 735 2831 A
758 2808 836 2841 sqq.
863 2797 995 2830 ceteris
1030 2796 1136 2831 rebus
1168 2796 1338 2831 omnibus
1371 2797 1532 2832 animam
1566 2799 1688 2833 aetate

125 2855 344 2890 antecedere
371 2855 477 2890 Plato
504 2856 648 2900 probat.

243 2928 278 2967 2)
305 2925 399 2961 Nam
433 2925 650 2961 Aristotelis
684 2926 720 2961 in
753 2926 874 2961 verbis
908 2932 1015 2962 τοῦτο
1048 2925 1084 2961 δ’
1114 2927 1294 2972 ὑπάρχειν
1327 2927 1420 2972 αὐτῇ
1454 2930 1526 2962 κτλ.
1560 2939 1686 2963 vocem

126 2991 234 3020 τοῦτο
260 2984 483 3030 interpretor
509 2985 548 3020 τὸ
576 2982 739 3020 ἐοικέναι
765 2990 841 3026 τοῖς
867 2985 1088 3029 ἀθανάτοις,
1115 2997 1184 3020 non
1206 2986 1246 3021 τὸ
1267 2987 1464 3022 ἀθάνατον
1491 2985 1597 3023 εἶναι.
