2125 3439
829 249 879 253 --
944 223 1118 266 83-

194 332 430 386 quidquam
450 332 644 386 impedit,
665 332 892 385 quominus
915 330 1182 373 sententioso
1205 330 1387 385 quodam
1409 329 1575 372 dicendi
1598 343 1752 384 genere

192 402 499 445 Alcmaeonem
533 417 657 444 usum
684 416 775 443 esse
808 405 1022 456 putemus,
1055 405 1103 442 ut
1129 402 1250 443 decet
1282 400 1500 442 hominem
1533 400 1619 442 illis
1653 400 1752 442 scri-

193 473 367 515 bentem
401 473 682 528 temporibus,
715 473 871 526 quibus
901 487 1105 526 proversa
1132 471 1269 513 oratio
1297 472 1415 513 brevi
1448 475 1546 512 ante
1579 485 1600 512 e
1633 470 1752 524 poesi

190 547 293 584 nata
331 544 510 599 originis
549 543 724 584 tenebat
763 542 948 597 vestigia
986 543 1232 595 manifesta,
1271 542 1525 597 praesertim
1566 556 1662 582 cum
1701 541 1751 581 ad

191 614 490 669 Pythagoreos
512 614 586 655 illa
605 614 699 668 ipsa
719 628 762 654 re
784 612 1039 655 excellentes
1061 613 1254 666 proxime
1282 613 1354 653 ille
1377 613 1560 654 accedat.
1602 612 1752 665 Itaque

191 685 348 726 dixerit
375 685 470 740 quis
497 684 600 726 haec
628 684 758 726 verba
784 683 1121 738 comparationis
1149 682 1236 724 ritu
1264 698 1360 724 eum
1381 683 1561 736 dixisse,
1594 682 1752 736 quippe

191 755 347 809 quibus
381 771 404 795 a
436 755 735 810 voluptatibus
761 754 957 796 homines
985 756 1178 795 avertere
1211 754 1404 794 studeret
1436 753 1632 794 dulcibus
1666 752 1752 793 illis

191 826 375 880 quidem,
409 827 482 867 sed
511 827 703 881 corporis
730 829 908 867 naturae
936 825 1042 879 ipsis
1069 825 1130 865 eis
1159 825 1286 866 rebus
1322 839 1428 879 quae
1457 826 1602 877 aperte
1633 837 1754 864 noce-

190 899 287 937 rent
331 911 521 951 quasque
561 911 708 938 cavere
753 896 1009 938 facillimum
1053 898 1168 937 esset
1212 895 1348 936 multo
1393 892 1750 948 offensioribus.¹)

190 965 354 1009 Vereor
386 970 543 1021 tamen,
575 982 628 1009 ne
661 968 768 1008 talia
800 966 1034 1008 remotiora
1066 966 1240 1021 fuerint,
1271 965 1527 1020 praesertim
1563 964 1606 1005 in
1640 964 1752 1006 libro

190 1040 279 1079 tam
304 1052 538 1093 paucorum
568 1038 792 1079 hominum
823 1041 951 1092 atque
978 1037 1021 1078 in
1049 1037 1202 1079 ceteris
1230 1037 1357 1079 rebus
1385 1036 1438 1077 ab
1467 1035 1620 1077 ethicis
1647 1036 1752 1076 adeo

191 1108 487 1162 discrepantis,
513 1124 641 1163 quam
665 1124 847 1162 quorum
869 1108 1122 1149 memoriam
1143 1108 1377 1162 scriptores
1399 1107 1563 1149 ethicos
1586 1121 1754 1147 summa

190 1193 211 1220 e
239 1180 454 1219 vetustate
482 1179 643 1219 eruisse
671 1179 874 1219 credibile
896 1177 965 1220 sit.
1015 1178 1166 1232 Itaque
1195 1193 1215 1220 e
1244 1178 1466 1233 tragoedia
1493 1178 1677 1232 quadam
1703 1178 1753 1218 de

191 1248 449 1290 Alcmaeone
476 1247 729 1302 Amphiarai
759 1249 847 1289 filio
878 1249 1118 1303 composita
1145 1249 1225 1290 hoc
1254 1249 1439 1303 fluxisse,
1473 1248 1752 1291 Crotoniatae

190 1321 334 1360 autem
355 1333 510 1360 nomen
537 1318 644 1360 salso
666 1318 930 1361 Clementem
957 1319 1256 1373 praeposuisse
1283 1323 1331 1361 ut
1353 1318 1541 1361 Sandero
1563 1320 1625 1360 ita
1647 1319 1751 1360 mihi

189 1389 279 1431 veri
311 1389 450 1430 simile
484 1389 662 1431 videtur.

721 1599 975 1647 Tertia
1026 1612 1218 1661 pai-S.

297 1766 413 1817 Quae
446 1767 564 1811 ratic
598 1766 850 1811 intercedat
882 1767 1004 1812 inter
1038 1766 1348 1811 Alcmaeonem
1382 1768 1645 1824 ceterosque

517 1843 784 1889 Graecorum
816 1843 1011 1889 medicos
1047 1845 1092 1888 et
1124 1843 1427 1902 philosophos,

309 1944 557 1987 Proximum
589 1949 672 1999 est,
713 1949 760 1987 ut
793 1960 921 2000 quam
955 1946 1313 2000 philosophorum
1352 1948 1514 1987 sectam
1547 1946 1752 1987 Alcmaeo

192 2019 365 2058 secutus
392 2016 449 2057 sit
476 2031 743 2071 quaeramus.
795 2016 887 2065 Qua
914 2017 957 2058 in
984 2032 1028 2058 re
1056 2017 1157 2059 licet
1182 2017 1398 2071 proficisci
1427 2017 1479 2057 ab
1501 2016 1752 2057 Aristotelis

189 2087 455 2143 coniectura,
493 2088 566 2142 qui
605 2088 657 2129 ad
691 2087 842 2143 fragm.
871 2088 972 2129 XXI
1006 2091 1082 2129 aut
1114 2089 1255 2143 ipsum
1297 2103 1321 2128 a
1353 2087 1641 2143 Pythagoreis
1679 2090 1753 2128 aut

188 2157 486 2214 Pythagoreos
525 2159 578 2200 ab
617 2159 693 2200 illo
734 2174 811 2200 sua
849 2160 1065 2214 accepisse
1104 2162 1298 2201 annotat.
1360 2159 1504 2213 Atque
1545 2173 1621 2199 suo
1661 2159 1752 2199 iure

188 2229 469 2271 Aristotelem
515 2230 770 2272 contendere
824 2231 1139 2272 necessitudine
1191 2230 1373 2285 quadam
1428 2230 1579 2284 quovis
1625 2230 1751 2271 modo

188 2300 358 2341 iunctos
392 2315 465 2342 eos
499 2316 610 2356 esse,
647 2301 762 2342 haud
802 2316 957 2356 parvae
992 2302 1146 2344 docent
1185 2301 1502 2342 similitudines.
1567 2300 1752 2342 Consen-

187 2370 303 2411 tiunt
342 2371 392 2412 de
431 2371 626 2413 doctrina
665 2373 1001 2426 contrariorum,
1047 2387 1154 2427 quae
1194 2373 1361 2413 infinita
1401 2386 1492 2413 esse
1538 2372 1581 2412 hi
1623 2372 1750 2426 primi

187 2442 417 2483 voluerunt
457 2457 648 2497 quaeque
689 2443 732 2484 in
765 2443 965 2485 binorum
1000 2443 1314 2485 contrariorum
1349 2443 1541 2484 ordinem
1581 2442 1751 2496 utrique

188 2513 458 2568 redegerunt.
521 2513 637 2561 Quae
678 2515 912 2567 contraria,
955 2530 1051 2556 cum
1084 2515 1124 2555 in
1161 2514 1414 2568 corporibus
1449 2513 1536 2554 sint
1575 2513 1750 2566 inclusa,

187 2598 239 2625 ne
277 2598 370 2625 sese
413 2584 669 2640 impugnent
714 2588 886 2626 cautum
927 2590 993 2626 est
1038 2586 1268 2639 isonomia,
1313 2599 1495 2638 quacum
1537 2584 1751 2639 Pythago-

187 2669 359 2695 reorum
397 2654 667 2695 harmoniam
713 2655 907 2696 conferre
950 2670 1035 2697 non
1074 2655 1305 2696 dubitabis.
1369 2654 1450 2696 Sed
1490 2670 1748 2709 quamquam

189 2724 388 2766 concordi
422 2740 525 2779 pace
559 2725 672 2767 hunc
706 2726 749 2767 in
783 2727 954 2767 modum
988 2726 1125 2781 ligata
1158 2729 1269 2779 sunt,
1305 2729 1448 2767 tamen
1476 2727 1567 2767 ficri
1595 2730 1750 2780 potest,

310 2842 342 2884 1)
369 2840 547 2876 Similiter
568 2842 816 2886 Pythagoram
840 2841 1079 2877 disserentem
1103 2841 1194 2876 facit
1214 2842 1439 2887 Porphyrius
1460 2855 1492 2878 v,
1515 2842 1671 2887 Pythag.
1687 2848 1747 2878 39:

190 2898 257 2944 τὴν
277 2897 344 2944 μὲν
365 2899 494 2944 γαστρὶ
515 2900 577 2934 καὶ
598 2901 834 2945 ἀφροδισίοις
853 2900 916 2935 διὰ
937 2903 1172 2942 πολυτελείας
1193 2900 1462 2946 κεχαρισμένην
1480 2902 1559 2946 (scil
1594 2901 1749 2946 ἡδονὴν)

187 2959 362 3000 ἀπείκαζε
390 2963 470 2999 ταῖς
495 2959 746 3004 ἀνδροφόνοις
772 2966 843 2994 τῶν
870 2959 1063 3004 Σειρήνων
1090 2959 1214 3007 ᾠδαῖς.

1417 3020 1464 3053 0²⁴²
