2125 3439
787 247 1074 287 ,95-

271 353 361 396 Nec
412 354 532 396 deest
576 368 656 395 vox
707 367 815 407 quae
866 353 935 394 hic
986 352 1252 394 desideratur
1301 351 1521 406 ἀλκμαῖος.
1597 350 1709 393 Nam

155 424 397 480 Hesychius
443 424 666 478 ἀλκμαῖος·
712 425 950 472 νεανίσκος.
1016 423 1108 472 Quo
1157 423 1207 465 de
1252 438 1303 464 ne
1351 438 1445 464 cum
1492 421 1709 477 Stephano

154 495 418 552 (Thesaurus
445 494 466 535 I
493 492 622 549 1502)
649 493 830 547 ἀκμαῖος
857 493 1098 547 corrigente
1127 494 1297 535 dubites
1325 497 1501 535 mouent
1525 493 1709 534 Bekkeri

155 565 364 608 anecdota
391 565 406 605 Ι
431 565 528 616 376,
549 564 604 606 28
631 563 873 617 ἀλκμαίων·
908 565 1115 618 ἰσχυρῶν,
1148 564 1379 619 ἀνδρείων,
1407 567 1632 618 γενναίων.
1659 589 1705 593 -

154 635 349 690 Denique
388 633 530 689 ipsum
567 648 724 676 nomen
764 636 905 675 exstat
945 634 990 674 in
1028 648 1240 675 marmore
1274 635 1429 676 albano
1463 634 1615 690 (Inscr.
1649 649 1712 689 gr.

155 705 237 749 Sic.
275 708 318 747 et
353 704 450 746 Ital.
485 705 597 747 1152
636 703 812 761 Kaibel)
850 719 1062 759 nusquam
1102 720 1121 746 ε
1160 708 1203 746 et
1242 721 1286 746 αι
1325 706 1437 746 inter
1477 720 1519 746 se
1559 706 1711 760 permi-

155 779 311 830 scente,
343 776 418 817 ubi
443 775 632 817 invenies
659 775 773 816 inter
798 774 1019 830 Euripidis
1053 775 1221 817 fabulas
1255 775 1415 818 ibidem
1443 779 1714 817 enumeratas

153 848 500 889 ΑΛΚΜΑΙΩΝ.
563 846 713 901 ltaque
763 847 905 888 nescio
951 861 1025 888 cur
1070 846 1349 888 Crotoniatae
1399 861 1555 888 nomen
1595 844 1714 887 Ἀλκ-

154 916 341 974 μαίωιιΙ)
372 917 506 959 fuisse
539 931 756 973 negemus.
821 916 902 958 Sed
936 917 1041 959 haec
1073 917 1292 959 hactenus.

271 1000 339 1042 Ex
383 1001 443 1042 eis
489 1015 595 1055 quae
640 1003 808 1041 restant
853 1000 996 1042 verbis
1034 1000 1181 1043 Ionica
1226 1004 1326 1042 sunt
1372 1003 1715 1057 ΚροτωνιΗτΗς

150 1075 279 1127 atque
328 1075 586 1126 ΠειριθΟΤ.
649 1071 707 1112 Et.
747 1073 994 1125 ΠΕΙρίθου
1040 1072 1229 1126 quidem,
1276 1087 1372 1114 cum
1416 1073 1713 1127 productionis

149 1145 328 1198 propter
356 1141 484 1183 metri
511 1142 814 1183 difficultatem
843 1143 953 1196 apud
975 1143 1119 1198 epicos
1141 1144 1327 1185 usitatae
1338 1142 1370 1198 ²)
1394 1144 1715 1185 excusationem

151 1228 237 1256 non
258 1213 429 1267 habeat,
457 1212 559 1254 ferri
579 1227 664 1254 non
686 1227 812 1267 posse
835 1214 958 1255 docet
978 1214 1341 1256 Wilamowitzius
1363 1214 1529 1269 (Phrilol.
1562 1215 1715 1258 Umers.

148 1283 234 1326 VII
263 1283 381 1340 324).
446 1283 585 1333 Quam
619 1283 866 1338 opinionem
908 1286 1135 1326 confirmat
1167 1284 1365 1327 Clemens
1401 1285 1714 1327 Alexandrinus

149 1354 318 1401 (strom.
362 1355 377 1396 I
420 1356 495 1408 26,
536 1355 588 1396 78
625 1352 869 1409 Ἀλκμαίων
915 1358 1149 1407 Περίθουὶ.
1213 1356 1364 1411 Itaque
1410 1358 1715 1399 Alcmaeonem

149 1428 352 1480 Περίθου
381 1425 605 1481 scripsisse
633 1439 711 1480 pro
739 1428 856 1467 certo
883 1425 1103 1467 habemus.
1120 1451 1173 1455 —
1191 1426 1282 1467 Iam
1310 1428 1547 1482 genitivum
1569 1442 1716 1469 casum

149 1499 383 1551 ΠερίθΟΥ
417 1497 530 1551 quod
570 1512 642 1539 -ov
683 1497 851 1551 syllaba
895 1497 1120 1538 terminari
1162 1497 1299 1552 vides,
1345 1513 1444 1540 cave
1485 1513 1505 1539 e
1545 1498 1715 1540 mitiore

148 1569 309 1611 Doride
342 1571 526 1623 repetas,
559 1582 655 1610 cum
689 1583 740 1609 ex
773 1568 1030 1623 oppidorum
1061 1568 1178 1610 illius
1207 1569 1397 1624 regionis
1429 1570 1715 1611 Achaicorum

149 1639 506 1695 inscriptionibus
538 1639 800 1694 posteriores
837 1642 1007 1681 tantum
1045 1639 1221 1696 (Collitz
1251 1641 1362 1682 1646
1397 1641 1484 1695 [tit.
1518 1639 1716 1695 Metap.];

149 1711 200 1754 cf.
232 1710 386 1752 titulos
419 1710 669 1752 Ithacenses
706 1711 836 1765 1673,
873 1711 1002 1764 1676,
1038 1709 1171 1767 1677)
1204 1712 1441 1766 praebeant
1473 1728 1568 1766 -ov,
1600 1715 1716 1753 vetu-

151 1782 330 1824 stiorem
363 1784 508 1823 autem
541 1781 812 1823 Achaeorum
845 1782 1048 1838 loquendi
1083 1797 1246 1823 morem
1287 1783 1416 1824 liceat
1456 1797 1715 1838 cognoscere

149 1868 200 1896 ex
231 1853 318 1894 his:
352 1851 509 1895 Collitz
542 1853 650 1894 1648
681 1850 925 1909 (Paestum)
951 1859 1025 1903 τᾶς
1050 1857 1158 1906 θεῶ,
1194 1853 1305 1895 1599
1334 1851 1538 1909 (Achaia)
1563 1851 1715 1908 Ὀλυμ-

148 1927 250 1979 πίω,
286 1924 396 1966 1659
433 1922 752 1979 (Cephallenia)
780 1923 1041 1977 Δαμαινέτω
1075 1931 1133 1965 τῶ
1164 1924 1355 1978 Πάλεος,
1395 1925 1500 1966 1671
1539 1922 1714 1980 (titulus

151 1995 391 2038 Ithacensis
431 1995 654 2050 aliquanto
693 1994 927 2051 recentior)
966 1997 1095 2048 τήνω.
1137 2020 1189 2023 -
1232 1995 1424 2050 Denique
1469 1997 1716 2050 σαφήνειαν

149 2069 295 2108 utrum
335 2081 385 2108 ex
423 2066 564 2108 ionico
603 2068 848 2121 σαφηνείην
893 2065 964 2122 (cf.
1005 2066 1220 2121 ἀληθείην
1259 2066 1371 2119 sim.)
1412 2081 1465 2108 an
1506 2082 1527 2108 e
1569 2067 1715 2108 dorico

156 2140 400 2193 σαφανείαν
433 2136 574 2194 (Pind.
601 2136 664 2179 Ol.
690 2137 730 2178 X
756 2136 830 2194 55)
865 2141 1117 2193 corruptum
1151 2138 1208 2179 sit
1241 2137 1323 2180 dici
1355 2138 1516 2192 nequit.

271 2220 437 2270 Quibus
465 2220 617 2262 formis
645 2221 798 2263 ionicis
831 2221 914 2262 duo
945 2221 1122 2263 obstant
1148 2221 1330 2277 doricae,
1362 2235 1548 2276 quarum
1580 2221 1715 2274 altera

270 2399 303 2441 1)
329 2395 389 2432 Sic
410 2407 556 2441 semper
575 2395 681 2431 audit
706 2397 804 2442 apud
826 2397 1035 2442 scriptores,
1076 2397 1171 2431 Nam
1191 2396 1447 2432 Theodoretus
1473 2399 1562 2441 (cur.
1585 2408 1709 2442 grace.

153 2454 212 2490 aff.
233 2455 246 2488 I
270 2459 312 2490 19
339 2454 474 2490 Gaisfi:
492 2453 659 2500 Ἀλκμάν)
685 2456 732 2491 ab
758 2456 839 2502 ipso
860 2456 1049 2492 Clemente
1069 2458 1219 2492 auctore
1241 2467 1306 2491 suo
1327 2455 1569 2500 redarguitur.
1616 2456 1717 2490 Unus

153 2516 334 2550 Isocrates
356 2512 534 2559 Ἀλκμέων
561 2515 709 2560 scripsit
735 2518 824 2550 orat.
848 2516 913 2550 XV
933 2520 1002 2551 268
1036 2516 1067 2551 si
1100 2516 1191 2551 fides
1218 2517 1275 2550 est
1307 2514 1426 2550 codici
1454 2513 1713 2558 Ambrosian03

153 2584 237 2608 nam
270 2573 383 2608 ceteri
415 2584 497 2608 cum
523 2573 704 2608 Urbinate
726 2572 943 2619 Ἀλκμαίων,
977 2586 1059 2610 cum
1092 2575 1170 2620 ipse
1204 2573 1364 2609 Urbinas
1397 2585 1448 2608 or.
1477 2573 1559 2608 XVI
1588 2577 1632 2607 25
1659 2573 1717 2608 bis

149 2632 407 2678 Ἀλκμεωνίδαι
433 2634 532 2667 recte
559 2632 737 2677 praebeat
763 2636 804 2668 ut
829 2634 874 2668 de
894 2635 1006 2679 gente
1025 2633 1163 2671 Attica.
1204 2633 1320 2669 Attici
1346 2633 1444 2668 enim
1472 2633 1561 2677 quin
1581 2633 1716 2668 dicturi

154 2692 292 2728 fuerint
313 2690 490 2736 Ἀλκμέων
516 2703 588 2726 non
612 2689 810 2736 Ἀλκμαίων
844 2693 943 2727 haud
977 2693 1127 2728 dubium
1162 2693 1387 2737 reliquerunt
1415 2691 1716 2727 Meisterhansius

153 2752 371 2796 (Grammat.
406 2752 441 2788 d.
474 2755 536 2786 att.
570 2752 710 2787 Inschr.
744 2764 828 2797 pag.
859 2753 918 2796 28)
956 2754 994 2787 et
1027 2753 1304 2788 Kretschmerus
1340 2753 1387 2797 (cl.
1420 2752 1549 2797 yriech.
1584 2752 1715 2787 Vasen-

151 2811 367 2853 inschristen
398 2821 484 2855 pag.
514 2812 606 2854 123).
658 2809 938 2846 Kretschmerus
970 2811 1089 2846 addit:
1129 2812 1347 2854 „Woclurch
1384 2811 1442 2846 die
1480 2812 1716 2846 litterarischc

154 2869 267 2906 Form
289 2867 488 2915 Ἀλκμαίων
504 2897 654 2904 .......
669 2871 869 2912 υεναηῖαΙΣςέ
897 2871 953 2912 ist,
980 2871 1026 2906 ist
1051 2871 1151 2906 nicht
1176 2882 1269 2915 [lanz
1293 2871 1396 2915 klar;
1421 2871 1517 2906 devm
1542 2871 1605 2906 der
1629 2874 1714 2916 spii-

153 2933 224 2965 terc
250 2928 537 2971 Zusammensall
561 2939 631 2964 von
656 2941 691 2962 αι
720 2930 798 2964 und
825 2941 840 2963 ε
868 2929 979 2964 rez'cht
1004 2939 1070 2963 zm·
1095 2929 1310 2973 Erklo'iruny
1335 2930 1433 2964 nicht
1460 2932 1565 2965 aus.“

271 2988 307 3031 2)
334 2985 386 3022 Cf.
407 2986 520 3022 Wilh.
543 2986 698 3022 Schulze
725 2989 866 3031 quaest.
887 2986 1013 3033 epicae
1040 2998 1122 3033 pag.
1144 2991 1224 3023 221.
