2125 3439
0 3202 2 3239 l

0 3241 1 3267 κ

754 243 1045 284 -45-

123 364 265 404 γροις,
312 363 395 403 quo
439 349 611 391 nomine
655 352 824 403 praeter
862 350 994 390 ibices
1037 352 1079 389 et
1118 363 1267 402 capras
1307 348 1504 388 efferatas
1550 347 1681 388 etiam

123 420 373 475 rupicapras
413 420 579 474 antiqui
619 418 1048 475 comprehendunts),
1087 420 1218 460 verba
1255 418 1377 471 facit,
1417 433 1502 459 non
1541 418 1681 459 solum

124 490 452 546 diligentissime
479 490 716 543 αίγάγρους
742 492 785 530 et
811 486 936 543 αἶγας
961 489 1076 531 inter
1102 505 1145 531 se
1173 489 1404 543 distinguit
1431 491 1486 544 (v.
1512 487 1682 543 326s7‘),

124 561 196 602 sed
229 561 358 602 etiam
392 560 560 600 aurium
593 560 855 601 mentionem
887 574 973 601 non
1008 564 1163 601 movet.

242 642 358 684 Idem
379 645 530 684 contra
550 640 737 684 Schulzii
759 656 926 697 quoque
949 645 1183 683 sectatores
1204 642 1330 683 valet.
1377 642 1508 684 Vides
1536 658 1682 684 omnes

123 714 173 754 de
199 713 339 767 capris
366 716 535 754 tantum
563 713 719 754 dicere:
747 727 905 768 ergone
932 713 976 754 in
997 713 1137 767 capris
1166 716 1335 753 tantum
1361 714 1510 754 tubam
1531 713 1684 754 Eusta-

123 784 322 826 chianam
355 784 522 839 antiqui
553 784 784 826 viderunt?
841 783 989 839 Longe
1024 784 1151 825 aliter
1181 782 1368 824 Galenus
1402 785 1589 825 medicos
1623 799 1684 833 ea,

124 869 232 910 quae
264 855 330 896 vel
363 869 448 896 uno
480 855 525 896 in
552 855 729 896 animali
762 870 837 909 per
864 855 1099 896 sectionem
1126 854 1380 908 invenerint,
1412 854 1456 894 in
1484 855 1683 895 omnibus

122 926 304 968 inveniri
337 925 573 980 improvide
607 925 859 968 concludere
892 925 1087 980 queritur
1119 923 1188 980 (de
1221 924 1322 965 foet.
1351 924 1474 966 form.
1503 924 1520 965 I
1545 924 1681 965 =1V

124 998 210 1039 653
231 995 313 1052 K).
363 996 592 1038 Praeterea
618 995 959 1053 generalioribus
983 996 1126 1037 verbis
1154 1010 1257 1037 usus
1282 996 1537 1037 Aristoteles
1570 999 1683 1037 recte

125 1068 325 1109 omnibus
347 1066 605 1109 animalibus
626 1068 773 1108 tubam
795 1066 1020 1109 Eustachii
1048 1067 1185 1109 inesse
1212 1082 1298 1109 non
1318 1068 1482 1109 nescire
1504 1067 1683 1107 videtur.

122 1139 214 1180 Iam
260 1139 376 1193 quod
412 1139 644 1193 opprobrio
685 1139 722 1180 ei
762 1139 866 1180 dant
902 1138 1043 1180 locum
1089 1153 1215 1192 quem
1254 1153 1383 1193 supra
1420 1137 1546 1180 attuli
1586 1137 1684 1178 hist.

124 1210 252 1251 anim.
266 1210 353 1251 492
374 1224 399 1250 a
421 1210 486 1262 19,
506 1224 592 1251 non
613 1210 921 1251 intellexerunt
940 1209 985 1250 in
1000 1209 1306 1252 Alcmaeonem
1327 1209 1387 1251 ibi
1404 1208 1684 1250 Aristotelem

122 1278 440 1336 impugnare²)‚
480 1295 564 1335 quo
603 1281 652 1322 de
693 1281 881 1334 quinque
915 1280 1110 1321 versibus
1150 1283 1247 1322 ante
1287 1280 1413 1322 huius
1452 1280 1685 1335 fragmenti

122 1351 265 1393 verbis
298 1351 467 1394 locutus
494 1354 597 1393 erat.
647 1350 875 1392 Neminem
909 1354 1052 1392 autem
1085 1352 1344 1393 exstiturum
1378 1366 1470 1392 esse
1505 1351 1686 1405 confido,

123 1423 191 1465 cui
225 1425 347 1464 tanta
374 1422 636 1464 Aristoteles
667 1436 755 1463 non
783 1422 923 1464 solum
951 1422 1230 1477 impudentia,
1264 1423 1335 1464 sed
1370 1422 1502 1463 etiam
1529 1421 1687 1475 impru-

124 1494 269 1535 dentia
289 1493 422 1535 fuisse
442 1493 651 1548 videatur,
676 1496 726 1534 ut
753 1496 903 1535 contra
923 1493 1229 1535 Alcmaeonem
1250 1494 1387 1548 ipsius
1409 1493 1685 1534 Alcmaeonis

122 1566 238 1607 dicta
269 1565 503 1606 adhiberet.

241 1647 570 1691 concedendum
613 1647 748 1703 igitur
791 1647 919 1689 huius
964 1647 1312 1690 narratiunculae
1354 1650 1404 1688 ut
1449 1647 1684 1688 multarum

122 1719 333 1762 eiusmodi
379 1733 552 1761 causam
598 1719 866 1773 exploratam
917 1718 1055 1760 adhuc
1098 1733 1184 1760 non
1229 1733 1332 1760 esse.
1404 1717 1498 1760 Hoc
1543 1721 1686 1759 tamen

123 1791 230 1832 mihi
263 1793 452 1844 constat,
491 1805 541 1832 ex
581 1790 715 1831 solius
754 1805 905 1845 caprae
945 1793 1101 1831 natura
1138 1790 1414 1844 repetendam
1454 1804 1546 1830 eam
1581 1804 1684 1831 esse.

123 1860 217 1910 Qua
248 1862 298 1903 de
331 1877 375 1903 re
413 1862 585 1903 videant
617 1861 844 1904 doctiores.

771 1999 946 2042 Fragm.
978 1998 1030 2033 V.

239 2087 488 2142 Theophr.
516 2087 542 2129 1.
569 2087 595 2128 l.
624 2085 750 2143 (Dox.
778 2087 876 2139 506,
904 2085 998 2142 25):
1026 2086 1349 2141 ὀσφραίνεσθαι
1378 2083 1425 2127 δὲ
1453 2084 1573 2139 ῥισὶν
1599 2086 1686 2140 ἅμα

123 2164 182 2215 τῷ
215 2158 428 2200 ἀναπνεῖν
461 2157 681 2212 ἀνάγοντα
713 2159 761 2200 τὸ
793 2163 965 2212 πνεῦμα
997 2157 1105 2211 πρὸς
1137 2158 1214 2198 τὸν
1247 2156 1503 2211 ἐγκέφαλον.

243 2240 426 2282 Aetius
458 2240 521 2282 IV
552 2241 617 2294 17,
641 2241 660 2281 1
692 2238 818 2296 (Dox.
845 2240 930 2281 407
954 2254 977 2280 a
997 2239 1024 2280 b
1051 2237 1110 2295 l):
1139 2237 1382 2293 Ἀλκμαίων
1413 2239 1461 2280 ἐν
1486 2245 1544 2296 τῷ
1572 2238 1708 2293 gyne--

121 2312 247 2369 φάλῳ
284 2308 399 2353 εἶναι
437 2312 486 2354 τὸ
524 2311 805 2366 ἡγεμονικόν·
851 2311 990 2368 τούτῳ
1034 2306 1116 2352 οὖν
1154 2309 1478 2364 ὀσφραίνεσθαι
1517 2310 1687 2352 ἕλκοντι

128 2383 201 2424 διὰ
232 2389 320 2424 τῶν
352 2381 587 2424 ἀναπνοῶν
619 2383 693 2431 τὰς
724 2381 872 2436 ὀσμάς.
905 2406 959 2411 -—

250 2465 438 2507 Zellerus
484 2479 590 2519 quae
630 2464 683 2505 ad
715 2464 967 2506 Aristotelis
1013 2465 1063 2506 de
1103 2479 1229 2506 sensu
1268 2463 1310 2505 II
1346 2465 1417 2517 12,
1461 2465 1547 2506 445
1581 2480 1604 2505 a
1638 2465 1689 2505 16

131 2534 174 2592 (ὃ
214 2533 260 2577 δὲ
306 2534 488 2589 λέγουσι’
526 2550 641 2584 τινες
684 2542 771 2577 τῶν
809 2537 1155 2591 Πυθαγορείων,
1199 2535 1280 2576 οὐκ
1325 2536 1442 2576 ἔστιν
1486 2536 1690 2589 εὔλογον·

128 2605 368 2661 τρέφεσθαι
414 2606 496 2660 γάρ
542 2618 679 2659 φασιν
724 2607 818 2647 ἔνια
863 2608 949 2662 ζῷα
992 2613 1084 2656 ταῖς
1128 2605 1299 2660 ὀσμαῖς)
1347 2606 1398 2646 ab
1446 2607 1689 2648 Alexandro

131 2678 461 2732 Aphrodisiensi
508 2680 771 2718 annotantur
816 2676 936 2732 (pag.
971 2678 1055 2719 223
1095 2678 1157 2718 ed.
1190 2676 1401 2733 Thurot),
1446 2680 1495 2718 ut
1533 2677 1690 2731 Pytha-

131 2763 286 2804 goreos
319 2748 383 2789 ita
409 2748 540 2789 etiam
568 2748 756 2789 medicos
789 2748 996 2803 quosdam
1026 2747 1233 2789 nonnulla
1259 2747 1462 2789 animalia
1488 2749 1691 2790 odoribus

252 2926 285 2968 1)
312 2924 435 2959 Keller
454 2925 487 2960 d.
505 2925 608 2960 Tiere
626 2925 686 2960 des
699 2925 804 2961 klass.
822 2925 1018 2960 Altertums
1037 2925 1078 2959 in
1097 2924 1334 2970 kulturqesch.
1360 2924 1567 2969 Beziehunq
1587 2937 1621 2969 p.
1635 2928 1690 2958 38.

252 2986 289 3029 2)
316 2983 581 3030 Philippsonus
608 2986 739 3020 eontra
764 2984 958 3020 Platonem
979 2983 1070 3018 haec
1097 2983 1198 3018 dicta
1224 2994 1303 3019 esse
1330 2983 1510 3029 opinatur.
