2125 3439
771 243 823 246 m
890 219 941 258 Π
1008 242 1059 246 --

137 323 271 379 ξηροῦ
308 329 482 378 ψυχροῦ
520 328 692 377 θερμοῦ
729 329 888 377 πικροῦ
927 322 1109 376 γλυκέος
1151 321 1222 364 καὶ
1260 330 1348 364 τῶν
1387 325 1575 373 λοιπῶν,
1619 323 1700 376 τὴν

137 392 176 436 δ’
207 394 255 436 ἐν
287 394 435 443 αὐτοῖς
467 395 711 448 μοναρχίαν
743 395 879 434 νόσου
905 395 1155 448 ποιητικήν·
1188 395 1468 448 φθοροποιὸν
1496 394 1577 447 γὰρ
1605 392 1699 434 ἑκα-

135 464 264 519 τέρου
296 466 552 520 μοναρχίαν.
608 462 679 504 καὶ
712 465 847 505 νόσον
880 467 1141 518 συμπίπτειν
1174 465 1232 513 ὡς
1264 462 1344 517 μὲν
1376 461 1451 518 ὑφ’
1484 461 1537 505 οὗ
1568 463 1699 515 ὑπερ-

135 539 245 591 βολῇ
277 537 547 591 θερμότητος
577 533 602 587 ἢ
636 535 923 589 ψυχρότητος,
955 535 1013 583 ὡς
1045 532 1092 575 δὲ
1127 534 1168 584 ἐξ
1197 532 1250 576 οὗ
1284 535 1356 575 διὰ
1382 538 1552 588 πλῆθος
1579 528 1699 575 1ιοἷον

136 607 218 661 (810
251 606 383 658 Plut.;
421 608 592 658 πλῆθος
629 609 794 658 τροφῆς
831 602 973 659 Stob.)
1012 605 1037 658 ’ἣ
1078 604 1280 661 ἑ’νὸειαν,1
1312 606 1369 654 ὡς
1409 602 1447 645 ὁ’
1485 604 1531 646 ἐν
1571 599 1636 654 οἷς
1679 604 1698 657 ἢ

135 671 240 731 αἷμα
272 675 358 730 <ἢ>
390 676 553 729 μυελὸν
585 673 611 728 ἢ
644 673 910 729 ἐγκέφαλον·
943 674 1016 716 Ῡέν
1048 675 1131 729 γὰρ
1163 677 1334 724 τούτοις
1365 673 1469 717 ποτὲ
1500 675 1580 717 κάκ
1612 683 1700 716 τῶν

135 747 301 798 ἔξωθεν
339 747 511 797 αἰτιῶν,
555 745 732 786 ὑδάτων
770 752 910 787 ποιῶν
954 745 979 800 ἣ
1018 747 1161 800 χώρας
1198 746 1224 800 ἢ
1263 748 1409 787 τόπων
1449 746 1529 795 (sic
1570 746 1699 797 l'lut.;

134 820 284 860 κόπων
317 815 456 872 Stob.)
489 815 574 870 <ἢ>
607 815 798 869 ἀνάγκης
836 815 862 869 ἢ
899 823 987 857 τῶν
1029 816 1201 865 τούτοις
1231 819 1558 870 παραπλησίων.
1621 819 1701 871 τὴν

139 886 186 930 δὲ
219 888 375 942 ὑγείαν
406 888 486 941 τὴν
519 887 768 941 σύμμετρον
799 893 889 928 τῶν
919 894 1060 928 ποιῶν
1093 893 1263 941 κρᾶσιν.
1296 912 1350 916 -

253 970 370 1020 Quae
417 968 695 1025 Sprengelius
741 967 902 1026 (Gesch.
948 970 985 1011 d.
1030 970 1140 1011 Med.
1186 968 1204 1010 Ι
1249 968 1355 1025 250)
1399 971 1608 1025 protulit,
1652 975 1700 1012 ut

135 1042 330 1098 spurium
369 1056 461 1083 esse
499 1041 581 1082 hoc
618 1040 912 1096 fragmentum
952 1041 1185 1094 evinceret,
1227 1040 1287 1082 nil
1326 1041 1466 1082 valere
1506 1041 1699 1083 Littreus

135 1113 362 1170 (Hippocr.
388 1111 408 1154 I
439 1110 511 1168 14>
538 1111 861 1154 demonstravit.
912 1111 1054 1166 Ipsius
1087 1114 1233 1153 tamen
1261 1110 1541 1154 Crotoniatae
1569 1114 1700 1154 verba

137 1185 309 1239 excerpi
344 1198 469 1238 posse
502 1184 694 1237 despero,
728 1198 824 1225 cum
856 1183 938 1224 hoc
971 1182 1267 1238 fragmentum
1299 1198 1386 1224 non
1419 1183 1560 1225 solum
1588 1182 1700 1225 Stoi-

137 1270 282 1298 corum
317 1254 517 1296 manibus
558 1256 704 1308 aperte
741 1253 1039 1313 tractatum1),
1078 1254 1150 1295 sed
1191 1255 1321 1295 etiam
1355 1255 1540 1308 pessime
1574 1255 1700 1296 tradi-

134 1324 272 1383 tum2)
312 1326 380 1368 sit.
442 1324 594 1380 Neque
639 1328 784 1366 tamen
828 1326 918 1367 veri
961 1325 1101 1366 simile
1141 1340 1233 1366 esse
1278 1326 1526 1381 negaverim
1572 1340 1698 1367 voces

136 1399 340 1452 ἰσονομία
372 1400 416 1439 et
447 1398 663 1451 μοναρχία
695 1411 792 1437 eum
825 1411 1067 1451 usurpasse,
1101 1411 1197 1438 cum
1228 1396 1298 1438 hic
1331 1397 1562 1438 verborum
1595 1412 1698 1439 usus

135 1470 188 1510 ab
222 1469 406 1510 aliorum
439 1468 704 1509 medicorum
737 1482 944 1521 sermone,
983 1470 1193 1522 quantum
1226 1467 1422 1522 equidem
1455 1468 1595 1522 video,
1629 1468 1699 1509 ab·

133 1541 310 1582 horreat
346 1553 483 1594 neque
521 1538 724 1581 credibile
764 1539 822 1580 sit
858 1553 1018 1580 novum
1058 1539 1111 1580 ab
1152 1538 1437 1593 epitomatore
1478 1540 1538 1580 rei
1578 1540 1698 1581 cuius

132 1626 404 1667 nequaquam
437 1625 534 1652 rara
560 1613 626 1651 est
655 1610 817 1651 mentio
845 1610 1102 1652 vocabulum
1136 1610 1217 1651 hoc
1243 1610 1337 1652 1000
1371 1611 1520 1652 fictum
1549 1610 1697 1667 esse.3)

253 1680 468 1735 Calidum,
501 1680 726 1737 frigidum,
759 1681 940 1736 siccum,
975 1681 1202 1723 humidum
1235 1682 1382 1737 augeri
1417 1684 1546 1735 atque
1579 1697 1697 1736 prae-

257 1836 290 1879 1)
315 1833 407 1870 Dox.
434 1834 542 1879 proll.
564 1837 643 1868 223.
696 1834 778 1878 lpse
806 1833 980 1869 Alcmaeo
1008 1835 1164 1869 eundem
1197 1834 1273 1868 fere
1306 1833 1343 1867 in
1371 1834 1519 1868 modum
1552 1834 1698 1869 locutus

133 1905 211 1929 esse
238 1893 386 1929 videtur
411 1896 523 1938 atque
550 1894 718 1929 auctores
745 1893 789 1927 de
816 1893 954 1928 morbis
980 1893 1036 1928 12
1064 1893 1129 1938 (VI
1153 1897 1293 1937 142,13
1315 1893 1370 1938 L.)
1399 1896 1436 1928 et
1462 1894 1507 1928 de
1535 1893 1654 1929 affect.
1681 1900 1695 1928 1

132 1953 196 1999 (VI
217 1956 297 1996 208,
319 1954 366 1998 7).

252 2014 287 2057 2)
314 2011 496 2047 Dielesius
522 2012 569 2047 ad
595 2012 686 2048 Dox.
707 2015 775 2046 442
797 2023 819 2047 a
840 2015 875 2054 13
903 2011 1010 2057 proll.
1038 2022 1121 2056 pag.
1143 2016 1199 2046 30.

251 2072 287 2116 3)
313 2071 384 2106 Pro
412 2069 582 2115 ἰσονομία
614 2071 703 2105 alibi
731 2070 865 2105 dicitur
897 2071 1100 2116 σύμμετρος
1133 2076 1278 2115 κρᾶσις,
1311 2073 1529 2117 συμμετρία,
1565 2070 1698 2117 ἰσότης,

132 2131 342 2177 συμφωνία,
363 2129 561 2175 ἰσομοιρία,
588 2129 749 2175 ἁρμονία
770 2132 840 2165 etc.
880 2129 1083 2165 Dielesium
1105 2129 1134 2164 si
1156 2130 1354 2175 sequimur,
1375 2131 1636 2166 Alcmaeonem
1658 2135 1700 2166 ut

131 2201 222 2227 voce
249 2189 420 2235 ἰσονομία
446 2192 613 2224 uteretur
639 2200 682 2224 eo
703 2189 906 2225 adductum
928 2201 1005 2225 esse
1027 2190 1204 2233 dicemus,
1232 2190 1330 2233 quod
1352 2189 1523 2235 ἰσονομία
1547 2191 1696 2235 proprio

132 2263 241 2286 sensu
267 2252 364 2286 esset
390 2261 547 2294 aequum
575 2249 671 2284 inter
697 2260 824 2284 omnes
845 2248 944 2284 cives
971 2249 1028 2284 ius
1056 2249 1113 2283 vel
1140 2249 1222 2294 ipsa
1245 2249 1375 2284 civitas
1403 2249 1521 2284 libera
1548 2250 1695 2293 (Herod.
1727 2265 1730 2269 -

133 2313 164 2353 3,
187 2313 250 2352 80;
270 2313 302 2352 5,
318 2313 379 2351 37;
399 2308 564 2353 Thucyd.
581 2312 612 2352 6,
628 2312 689 2351 38;
711 2314 744 2353 3,
759 2312 820 2351 82ς
842 2313 875 2352 4,
893 2311 953 2351 78;
974 2309 1081 2344 Plato
1102 2312 1170 2343 239
1185 2309 1228 2351 A,
1249 2312 1316 2343 563
1332 2308 1373 2353 Β,
1394 2312 1459 2343 561
1475 2309 1520 2351 Ε;
1542 2309 1695 2344 800110οι

134 2368 232 2412 apud
260 2367 394 2402 Athen.
422 2371 490 2402 695
506 2367 565 2412 B);
598 2367 650 2404 eis
683 2368 781 2402 enim
807 2367 914 2402 illum
944 2368 1077 2403 vixisse
1110 2367 1341 2412 temporibus
1373 2368 1506 2412 quibus
1539 2369 1697 2404 maxime

135 2427 336 2471 optimates
356 2428 394 2461 et
411 2427 611 2471 populares
632 2426 677 2461 de
699 2438 842 2462 summa
861 2438 981 2462 rerum
1005 2428 1282 2462 contenderent.
1323 2426 1441 2462 Multo
1463 2429 1550 2472 post
1570 2428 1697 2462 eadem

133 2497 224 2521 voce
245 2484 419 2530 Epicurei
440 2486 495 2520 usi
516 2487 601 2520 sunt
621 2496 694 2530 qua
714 2485 969 2530 significarent
991 2487 1093 2521 ‘eam
1114 2487 1299 2529 naturam,
1320 2489 1362 2521 ut
1382 2486 1507 2522 omnia
1528 2487 1698 2522 omnibus

133 2545 284 2591 paribus
303 2544 406 2590 paria
430 2545 710 2590 responderent’
734 2544 822 2587 (Cic.
845 2544 879 2581 d.
901 2545 935 2580 d.
956 2546 1030 2581 nat.
1054 2546 1064 2579 l
1090 2549 1144 2589 19,
1165 2548 1237 2588 50),
1259 2546 1293 2580 h.
1310 2555 1340 2580 e.
1362 2547 1403 2579 ut
1421 2556 1540 2580 rerum
1562 2558 1699 2591 genera

133 2603 349 2650 inaequalia
368 2615 440 2639 non
461 2605 585 2638 essent
606 2602 846 2638 multitudine
872 2603 947 2639 sive
969 2604 1131 2648 ipsarum
1152 2616 1273 2639 rerum
1300 2605 1376 2639 sive
1397 2615 1440 2638 ex
1461 2604 1594 2649 quibus
1615 2617 1698 2640 cou-

131 2665 277 2699 starent
303 2665 510 2698 atomorum
538 2661 693 2707 (Hirzel,
728 2662 1049 2708 Untersuchunyen
1074 2675 1119 2698 zu
1148 2664 1220 2699 Cic.
1243 2665 1372 2709 philos.
1397 2664 1580 2707 Schriften
1607 2665 1619 2698 l
1644 2669 1697 2700 15.

133 2727 176 2758 86
193 2724 298 2767 sqq).
352 2721 531 2757 Similiter
566 2722 679 2757 etiam
706 2720 878 2756 Timaeus
906 2734 939 2766 q.
961 2735 992 2757 v.
1022 2734 1106 2768 pag.
1128 2727 1172 2758 99
1190 2723 1215 2757 Β
1250 2722 1311 2757 καὶ
1338 2719 1419 2758 ἐπεὶ
1445 2723 1602 2769 δυνάμει
1636 2722 1719 2759 ἶσα·

133 2779 209 2817 ἐντὶ
234 2781 358 2817 πάντα
385 2781 478 2826 (scil.
505 2780 550 2815 τὰ
577 2784 772 2825 στοιχεῖα),
804 2781 862 2815 τοὶ
888 2779 989 2826 λόγοι
1016 2782 1138 2816 αὐτῶν
1165 2779 1205 2816 ἐν
1233 2781 1404 2830 ἰσονομίᾳ
1431 2779 1517 2818 ἐντί.
1569 2783 1698 2818 Latius

132 2842 239 2886 patet
264 2840 361 2886 apud
387 2840 627 2876 Plutarchum
655 2841 698 2874 de
726 2840 798 2875 def.
825 2851 920 2877 orac.
949 2845 994 2875 34
1020 2842 1119 2886 (pag.
1150 2844 1218 2875 428
1233 2841 1277 2885 E)
1310 2842 1413 2886 εἴπερ
1443 2839 1511 2877 οὖν
1537 2842 1560 2887 ἡ
1587 2842 1698 2887 φύσις

132 2901 291 2935 ἀπαιτεῖ
309 2898 376 2944 τὴν
404 2897 598 2944 ἰσονομίαν
626 2895 666 2934 ἐν
690 2904 818 2942 πᾶσιν,
848 2899 913 2934 καὶ
939 2899 1098 2945 κόσμους
1124 2899 1222 2941 εἰκός
1249 2898 1324 2936 ἔστι
1349 2900 1439 2946 μήτε
1464 2903 1613 2942 πλείους
1638 2916 1697 2947 ’γε-

132 2958 269 2995 νέσθαι
295 2958 383 3004 μήτε
412 2955 584 2999 ἐλάττους
608 2964 681 2994 τῶν
707 2959 1021 3005 παραδειγμάτων
1048 2961 1099 3004 (h.
1120 2973 1150 2997 e.
1179 2966 1249 2995 τῶν
1274 2959 1385 2996 πέντε
1413 2962 1627 3007 στοιχείων).
