2125 3439
798 745 1069 792 Index.

329 927 362 959 Ι.
388 927 532 959 Prima
556 935 677 965 pars:
703 926 765 958 De
791 926 1063 958 Alcmaeonjs
1089 928 1251 971 aetate,
1278 927 1386 971 vita,
1413 927 1535 959 libro.

154 998 207 1031 De
235 995 472 1031 Alcmaeonis
500 997 634 1030 aetate.

271 1044 324 1078 De
351 1043 432 1078 loco
458 1041 698 1077 Aristotelico
725 1042 887 1087 Metapli.
914 1043 945 1076 A
961 1047 993 1087 5,
1015 1047 1082 1078 986
1109 1055 1131 1077 a
1156 1047 1200 1078 22
1217 1055 1293 1087 sqq.
1346 1071 1587 1078 ......

270 1090 521 1125 Recensentur
545 1089 701 1124 aliorum
729 1091 774 1124 de
801 1090 1034 1125 Alcmaeonis
1061 1092 1184 1125 aetate
1212 1091 1403 1136 opiniones
1438 1120 1444 1125 .
1485 1120 1490 1126 .
1533 1119 1538 1124 .
1580 1119 1585 1125 .

270 1137 323 1173 De
349 1137 500 1173 vocibus
527 1134 672 1182 ἐγένετο
699 1137 766 1181 τὴν
792 1137 939 1181 ἡλικίαν
966 1138 1064 1183 apud
1092 1137 1331 1172 Aristotelem
1359 1137 1477 1172 obviis
1533 1166 1538 1170 .
1580 1166 1586 1171 .

152 1198 204 1233 De
229 1196 463 1233 Alcmaeonis
490 1195 578 1231 vita.

271 1245 428 1279 Crotone
453 1244 562 1277 natus
589 1244 645 1277 est
681 1271 1587 1279 ....................

269 1291 435 1325 Medicus
462 1289 533 1324 fuit
583 1318 826 1325 ......
869 1314 875 1325 ·.
917 1319 1586 1325 ...............

268 1337 434 1373 Aliorum

463 1342 675 1372 commenta
727 1364 1586 1372 ...................

149 1399 202 1433 De
229 1396 464 1432 Alcmaeonis
490 1395 595 1430 libro.

269 1443 442 1480 Omnium

467 1443 609 1488 primus
636 1443 680 1477 de
707 1443 816 1477 rebus
842 1443 994 1478 medicis
1019 1442 1158 1488 prodiit
1202 1470 1587 1479 .........

268 1491 336 1526 Per
362 1490 531 1525 fraudem
557 1490 770 1534 suppositus
796 1501 869 1525 non
895 1490 967 1524 fuit
1010 1518 1586 1526 .............

272 1540 322 1574 De
350 1536 586 1572 Alcmaeonis
612 1537 783 1572 dialecto.

389 1586 441 1619 De

387 1633 439 1666 De

387 1680 440 1714 De

466 1585 614 1620 nomine
638 1582 835 1629 Ἀλκμαίων
869 1612 1585 1619 ................

465 1631 581 1666 dorici
608 1633 646 1666 et
670 1631 781 1667 ionici
808 1633 986 1666 sermonis
1010 1631 1180 1676 vestigiis
1200 1660 1585 1667 .........

467 1690 557 1714 voce
582 1678 682 1723 θορή
725 1707 1585 1715 ...................

384 1727 560 1761 Alcmaeo
587 1726 707 1761 ionice
735 1725 924 1771 scripsisse
952 1726 1100 1760 videtur
1155 1754 1585 1760 ..........

271 1774 507 1810 Alcmaeonis
535 1773 664 1808 libello
691 1774 866 1817 quamdiu
893 1776 1062 1818 tempora
1087 1773 1322 1818 pepercerint
1342 1801 1585 1808 ......

591 1881 647 1914 Π.
674 1881 825 1914 Altera
850 1890 974 1921 pars:
1001 1881 1270 1922 Fragmenta.

150 1952 414 1998 Fragmentum
444 1952 475 1985 l:
503 1951 556 1985 De
583 1951 739 1986 scientia
763 1951 927 1986 humana
953 1962 995 1986 ac
1021 1950 1149 1986 divina
1202 1979 1586 1987 .........

422 1998 453 2032 II

405 2046 471 2080 III:

405 2092 466 2128 IV:

424 2141 469 2174 V:

405 2188 471 2222 Vl:

385 2234 469 2269 Vll:

370 2282 471 2316 VIII:

404 2329 470 2363 IX:

420 2376 469 2410 X:

401 2423 468 2457 XI:

384 2470 468 2504 XII:

371 2517 472 2552 XIII:

368 2563 470 2599 XIV:

383 2611 468 2646 XV:

274 2688 294 2703 „
370 2658 469 2694 XVI:

273 2734 295 2751 ‚‚
352 2705 472 2742 XVII:

273 2781 295 2797 ‚‚
334 2753 471 2789 XVIII:

368 2800 469 2834 XIX:

387 2847 469 2882 XX:

275 2924 295 2940 ‚,
369 2894 470 2928 XXI:

274 2971 294 2986 ‚‚
353 2941 470 2976 XXII:

274 3017 295 3034 ,‚
336 2988 473 3024 XXIII:

465 2011 472 2030 :
501 1999 553 2033 De
579 1999 769 2033 hominum
795 2009 838 2034 ac
863 1998 1065 2033 bestiarum
1092 1998 1302 2034 differentia
1341 2027 1347 2033 .
1389 2028 1394 2034 .
1437 2028 1442 2032 .
1530 2028 1539 2036 .
1579 2029 1584 2035 .

498 2045 552 2080 De
579 2045 708 2080 auditu
727 2074 1584 2082 ...................

496 2092 550 2127 De
578 2104 771 2137 caprarum
798 2094 1041 2138 respiratione
1058 2122 1585 2130 ............

495 2139 550 2174 De
577 2141 734 2175 odoratu
772 2169 1583 2176 ..................

499 2186 552 2221 De
579 2189 691 2232 gustu
725 2216 1583 2223 ...................

496 2235 550 2269 De
572 2235 653 2269 visu
678 2262 1584 2271 ....................

498 2281 551 2316 De
578 2281 679 2326 poris
707 2284 744 2316 et
769 2283 916 2317 cerebro
963 2309 1583 2318 ..............

498 2329 551 2364 De
577 2329 702 2363 anima
722 2357 1583 2365 ...................

495 2375 548 2411 De
575 2375 695 2411 stellis
726 2404 1583 2412 ...................

497 2423 549 2457 De
575 2422 871 2458 immortalitatis
898 2423 1035 2458 circulo
1055 2452 1582 2459 ............

496 2470 549 2505 De
576 2469 716 2505 semine
770 2498 1583 2506 ..................

500 2517 553 2551 De
581 2517 720 2551 semine
746 2519 942 2552 mulierum
961 2546 1582 2554 ..............

497 2564 551 2599 De
577 2563 777 2599 liberorum
805 2576 891 2600 sexu
911 2593 1582 2600 ...............

496 2612 549 2646 De
576 2611 770 2656 pubertate
816 2640 1583 2647 .................

498 2658 550 2692 De
577 2657 762 2693 mulorum
789 2660 985 2694 sterilitate
1007 2687 1582 2695 .............

499 2705 551 2740 De
578 2705 870 2741 conformatione
895 2707 1024 2751 partus
1055 2735 1582 2742 ............

498 2752 626 2787 Pullus
652 2753 838 2795 quomodo
865 2754 1050 2788 nutriatur
1104 2782 1392 2789 .......
1482 2783 1487 2788 .
1529 2782 1534 2787 .
1577 2782 1582 2787 .

496 2800 632 2834 Foetus
659 2799 844 2844 quomodo
871 2799 1057 2835 nutriatur
1103 2829 1582 2836 ...........

497 2847 551 2881 De
578 2858 707 2882 somno
726 2875 1582 2883 ...................

498 2894 551 2929 De
577 2893 760 2929 dualismo
787 2895 1075 2930 Alcmaeoniano
1103 2923 1581 2930 ...........

500 2940 554 2976 De
580 2942 791 2976 morborum
818 2941 960 2986 origine
1008 2970 1583 2979 .............

500 2988 814 3024 Ps.-A10maeonis
839 2990 1085 3034 fragmentum
1113 2990 1275 3025 ethicum
1293 3018 1487 3025 .....

1672 1142 1713 1171 10

1672 1248 1712 1278 16

1671 1295 1711 1325 17

1672 1341 1713 1371 18

1671 1446 1712 1476 19

1668 1494 1712 1524 20

1667 1588 1707 1618 21

1667 1636 1712 1666 25

1668 1682 1711 1712 27

1668 1730 1712 1760 30

1667 1778 1709 1807 31

1668 1957 1710 1986 34

1667 2003 1711 2034 38

1667 2052 1711 2080 40

1666 2097 1710 2127 43

1666 2145 1710 2174 45

1666 2192 1710 2222 46

1667 2286 1710 2316 50

1666 2334 1710 2364 55

1666 2380 1709 2410 59

1665 2426 1708 2457 61

1666 2475 1709 2504 62

1665 2522 1709 2551 63

1665 2616 1708 2646 64

1666 2664 1710 2693 65

1666 2710 1709 2740 66

1665 2758 1707 2787 67

1665 2804 1709 2835 68

1666 2852 1706 2882 71

1665 2898 1708 2929 72

1666 2947 1709 2976 76

1665 2995 1707 3023 823
