2125 3439
1019 222 1309 263 ‚72-

390 337 556 392 antiqui
583 334 776 389 corporis
803 331 1070 375 caliditatem
1097 327 1306 384 sanguine
1333 327 1545 369 contineri
1577 341 1664 368 non
1689 326 1952 382 ignorarent,

391 412 464 452 aut
496 409 637 462 ipsum
665 404 918 460 sanguinem
952 403 1028 443 aut
1059 399 1268 455 sanguine
1301 398 1526 440 recedente
1560 397 1832 451 superficiem
1863 412 1952 440 eor-

388 479 505 535 poris
548 474 794 531 refrigerari
837 473 1007 514 credere
1050 485 1122 513 eos
1163 484 1338 512 necesse
1380 471 1485 510 erat.
1550 468 1743 518 Quarum
1786 469 1954 511 viarum
2007 470 2010 473 '

390 564 486 592 cum
513 547 633 589 illam
659 544 927 600 ingrediatur
952 541 1237 597 Empedocles
1265 539 1475 597 (Galenus
1501 539 1601 581 hist.
1623 539 1729 594 phil.
1751 540 1820 594 37,
1843 538 1951 581 Dox.

391 621 487 673 646,
517 616 589 674 14)
622 632 699 659 nec
731 631 818 658 non
850 617 1000 656 auctor
1032 613 1082 655 de
1115 612 1291 654 flatibus
1325 612 1378 667 (c.
1407 612 1462 654 14
1488 631 1543 645 =
1570 610 1634 652 VI
1664 611 1766 665 110,
1792 611 1848 653 23
1874 608 1957 668 L.),

390 691 595 733 Alcmaeo
646 690 697 729 ut
740 686 850 728 hanc
902 686 1107 740 sequatur
1156 682 1421 726 sectionibus
1473 684 1715 724 commotus
1761 695 1853 724 esse
1905 685 1956 724 ut

391 762 616 815 Tanneryo
650 757 780 815 (pour
810 755 941 798 l'hist.
968 755 1004 797 d.
1031 755 1059 796 l.
1087 754 1254 797 science
1286 753 1386 795 hell.
1418 753 1522 809 127)
1554 753 1617 794 ita
1648 753 1755 794 mihi
1787 768 1956 808 quoque

391 832 577 884 videtur,
622 830 778 885 quippe
824 828 898 882 qui
937 824 1260 869 accuratissime
1299 825 1344 866 in
1382 838 1513 866 venas
1553 824 1606 865 ad
1644 838 1718 865 cor
1756 826 1959 866 coeuntes

393 902 646 958 sanguinem
689 900 903 942 confluere
942 898 1127 940 doceret.
1191 895 1374 937 Videtur
1417 895 1571 950 igitur,
1617 908 1712 936 cum
1755 895 1959 937 cadavere

393 977 511 1016 secto
545 972 726 1014 arterias
760 970 969 1026 sanguine
995 969 1040 1010 in
1065 982 1196 1010 venas
1223 970 1353 1022 atque
1382 981 1456 1008 cor
1487 966 1754 1008 confluentes
1783 966 1959 1008 orbatas

392 1044 647 1097 invenisset,
683 1043 769 1084 iam
803 1057 824 1083 e
857 1040 1011 1082 mortis
1046 1038 1329 1081 similitudine
1363 1037 1503 1080 simile
1537 1037 1640 1092 quid
1672 1037 1718 1079 in
1750 1037 1963 1080 dormien-

392 1115 508 1157 tibus
543 1129 712 1169 quoque
745 1113 839 1155 fieri
871 1111 1119 1154 coniecisse.

514 1185 796 1229 Crotoniatae
831 1183 1093 1226 sententiam
1126 1182 1405 1237 amplectitur
1430 1180 1811 1235 Ps.-Hippoe1·ates
1838 1181 1964 1237 Epid.

397 1257 458 1300 VI
486 1258 525 1311 4,
556 1256 607 1298 12
636 1255 695 1311 (V
723 1255 810 1296 310
830 1251 912 1310 L.):
946 1251 1173 1308 ἐμφανέως
1204 1250 1456 1307 ἐγρηγορὼς
1486 1253 1755 1308 θερμότερος
1786 1253 1836 1294 τὰ
1868 1253 1965 1308 ἔξω,

395 1330 447 1370 τὰ
481 1330 564 1370 ε”σω
599 1324 646 1368 δὲ
678 1326 970 1381 ψυχρότερος,
1008 1323 1243 1365 καθεύδων
1281 1321 1511 1376 τάναντία,
1550 1337 1735 1376 quocum
1768 1324 1964 1367 conferas

397 1399 436 1454 5,
465 1398 518 1441 15
547 1398 605 1454 (V
629 1398 726 1451 320,
749 1397 774 1437 6
795 1394 862 1451 L.)
888 1396 936 1437 τὸ
964 1388 1069 1449 αἷμα
1104 1393 1151 1435 ἐν
1183 1393 1308 1451 ὕπνῳ
1341 1397 1443 1434 εἴσω
1476 1396 1646 1447 μᾶλλον
1678 1395 1846 1448 φεύγει.
1902 1395 1965 1439 Cf.

399 1469 611 1512 Galerium
639 1469 691 1510 ad
717 1467 906 1522 priorem
933 1465 1244 1520 epidemiorum
1270 1464 1414 1506 locum
1443 1461 1591 1520 (XVII
1616 1463 1652 1506 B
1680 1465 1780 1521 298,
1802 1467 1857 1509 10
1882 1466 1966 1522 K).

396 1541 516 1583 Adde
556 1540 747 1582 eiusdem
792 1536 862 1594 (de
907 1551 1037 1579 causa
1079 1536 1283 1591 pulsuum
1321 1534 1386 1576 III
1423 1535 1448 1576 9
1482 1555 1536 1568 =
1569 1534 1633 1576 IX
1670 1537 1770 1591 133,
1807 1538 1860 1580 14
1892 1537 1964 1594 Κ.)

396 1613 518 1654 haec:
574 1608 974 1663 ....”Ιπποκράτης
1004 1606 1077 1649 καὶ
1110 1607 1206 1649 ὅσοι
1243 1607 1291 1648 τὸ
1324 1606 1495 1661 θερμὸν
1534 1607 1618 1648 ε”σω
1652 1609 1886 1651 συννεύειν
1918 1609 1965 1652 ἐν

401 1690 492 1732 τοῖς
517 1682 674 1731 ὕπνοις
700 1682 826 1735 φασί·
857 1679 1014 1735 σχεδὸν
1042 1677 1079 1720 δ’
1112 1676 1226 1720 εἰσὶν
1253 1676 1459 1719 ἁπάντων
1487 1678 1648 1732 ἰατρῶν
1674 1694 1718 1720 τε
1744 1678 1817 1722 καὶ
1842 1684 1967 1735 φιλο-

399 1757 550 1810 σόφων
595 1753 641 1794 οἱ
683 1751 984 1805 δοκιμώτατοι.
1048 1748 1161 1798 Quin
1198 1748 1453 1790 Aristotelis
1503 1762 1673 1803 quoque
1719 1750 1769 1792 de
1814 1765 1966 1794 somno

398 1826 607 1881 placitum
641 1822 711 1879 (de
744 1824 854 1877 part.
883 1836 947 1862 an.
974 1819 1017 1862 II
1047 1821 1088 1874 7,
1117 1819 1202 1862 653
1231 1835 1255 1861 a
1283 1819 1357 1874 103
1389 1819 1439 1860 de
1473 1833 1623 1861 somno
1656 1820 1725 1862 III
1755 1836 1854 1878 pag.
1880 1824 1965 1865 457

400 1895 633 1953 [imprimis
671 1894 699 1935 b
735 1892 868 1948 1-6]
907 1895 950 1934 et
987 1890 1094 1948 458)
1140 1892 1192 1933 ab
1237 1891 1319 1933 hac
1358 1891 1575 1932 sententia
1618 1893 1794 1948 pendet,
1838 1909 1968 1948 quam

402 1971 666 2023 quantopere
700 1965 783 2006 sibi
817 1963 1082 2019 persuaserit
1119 1963 1221 2008 inde
1251 1962 1390 2004 elucet
1430 1962 1544 2017 quod
1576 1963 1708 2004 etiam
1740 1964 1969 2007 veritatem

402 2055 426 2080 a
458 2037 752 2094 praeiudicata
783 2036 859 2076 illa
892 2035 1089 2077 doctrina
1120 2034 1233 2076 vinci
1266 2033 1434 2088 patitur
1466 2031 1586 2089 (hist.
1613 2049 1679 2076 an.
1704 2033 1768 2076 ΠΙ
1795 2035 1860 2090 19,
1882 2037 1965 2078 521

403 2126 427 2152 a
456 2109 529 2163 15>
561 2116 652 2157 τοῖς
684 2107 985 2149 καθεύδουσιν
1026 2105 1073 2147 ἐν
1105 2113 1197 2154 τοῖς
1230 2104 1350 2154 ἐκτὸς
1381 2103 1561 2159 μέρεσιν
1592 2106 1773 2147 ἔλαττον
1804 2108 1972 2160 γίνεται

402 2182 450 2222 τὸ
483 2174 605 2234 αἷμα,
637 2179 745 2220 ὥστε
779 2175 850 2219 καὶ
883 2175 1190 2231 κεντουμένων
1223 2177 1279 2231 μὴ
1313 2176 1408 2231 ῥεῖν
1442 2176 1613 2230 ὁμοίως.

1016 2313 1190 2358 Fragm.
1223 2313 1345 2348 XXI.

521 2392 741 2435 Aristot.
774 2390 993 2445 Metaph.
1033 2390 1072 2431 A
1107 2391 1151 2444 ἴ),
1184 2390 1269 2431 986
1304 2404 1327 2430 a
1361 2389 1433 2430 22:
1479 2388 1618 2444 ἕτεροι
1658 2388 1705 2433 δὲ
1742 2391 1852 2449 (scil.
1883 2401 1971 2436 τῶν

406 2461 752 2519 Πυθαγορείων)
784 2462 860 2511 τὰς
887 2461 1021 2516 ἀρχὰς
1048 2460 1152 2503 δέκα
1180 2459 1386 2514 λέγουσιν
1413 2457 1526 2503 εἶναι
1559 2462 1634 2511 τὰς
1665 2463 1771 2505 κατὰ
1798 2475 1972 2508 συστοι-

405 2539 503 2592 χιάν
544 2532 801 2589 λεγομένας,
841 2532 975 2587 πέρας
1012 2531 1084 2574 καὶ
1122 2533 1326 2587 ἄπειρον,
1363 2532 1677 2588 περιττὸν·καὶ
1710 2534 1884 2590 ἄρτιον,
1921 2536 1970 2578 ἓν

405 2606 475 2648 καὶ
507 2609 697 2659 πλῆθος,
737 2604 881 2656 δεξιὸν
918 2602 990 2646 καὶ
1029 2603 1281 2658 ἀριστερόν,
1318 2604 1453 2659 ἄρρεν
1489 2602 1560 2645 καὶ
1597 2607 1738 2658 θῆλυ,
1776 2605 1970 2661 ἠρεμοῦν

406 2676 475 2719 καὶ
510 2678 792 2731 κινούμενον,
832 2675 944 2717 εὐθὺ
977 2674 1048 2717 καὶ
1081 2676 1332 2730 καμπύλον,
1369 2682 1462 2730 φῶς
1494 2673 1565 2716 καὶ
1598 2677 1764 2729 σκότος,
1797 2675 1970 2730 ἀγαθὸν

407 2748 476 2789 καὶ
504 2750 653 2799 κακόν,
684 2747 959 2800 τετράγωνον
992 2746 1062 2788 καὶ
1090 2745 1357 2802 ἑτερόμηκες.
1407 2746 1540 2801 ὅνπερ
1566 2748 1730 2800 τρόπον
1757 2748 1871 2790 ἔοικε
1897 2748 1969 2791 καὶ

404 2818 645 2872 Ἀλκμαιέον
679 2819 701 2859 ὁ
729 2819 1038 2873 Κροτωνιάτης
1069 2818 1324 2871 ὑπολαβεῖν,
1356 2817 1428 2860 καὶ
1454 2819 1548 2872 ἤτοι
1575 2814 1704 2867 οὗτος
1728 2816 1829 2873 παρ’
1861 2818 1969 2862 ἐκεί-

409 2906 499 2930 νων
532 2889 556 2942 ἣ
592 2887 747 2930 ἐκεῖνοι
779 2890 894 2943 παρὰ
926 2890 1085 2931 τούτου
1117 2888 1368 2943 παρέλαβον
1406 2890 1483 2930 τὸν
1516 2890 1650 2942 λόγον
1683 2894 1856 2931 τοῦτον·
1895 2889 1968 2932 καὶ

410 2961 491 3015 γὰρ
519 2958 689 3012 ἐγένετο
716 2960 794 3013 τὴν
821 2960 993 3013 ἡλικίαν
1015 2959 1259 3015 Ἀλκμαίων
1285 2958 1355 3001 ἐπὶ
1380 2959 1555 3016 γέροντι
1576 2961 1841 3018 Πυθαγόρα,
1866 2960 1967 3004 ἀπε-
