2125 3439
981 231 1270 265 ,90-

1098 263 1120 271 a-

355 337 452 380 οἷὸα
480 338 801 385 (Alcmaeonem
833 335 966 388 novit,
998 335 1047 375 cf.
1073 333 1114 374 h.
1141 334 1240 375 diss.
1266 347 1362 389 pag.
1392 333 1465 386 19)
1497 341 1666 387 πρῶτος
1697 333 1906 389 &pouit-eff)

355 410 550 462 Denique
577 410 675 461 post
700 407 977 448 Petersenum
1005 402 1094 459 (1.1.
1121 402 1272 459 praef.)
1300 403 1514 446 Sanderus
1546 406 1678 458 negat
1703 404 1753 445 de
1779 404 1906 446 rebus

354 478 526 519 medicis
570 477 705 518 ullum
747 478 844 517 ante
884 475 1190 516 Alcmaeonem
1227 474 1387 516 librum
1429 474 1592 516 editum
1629 488 1733 515 esse.
1797 473 1907 516 Sane

356 550 414 589 nil
447 548 519 588 ille
553 547 717 588 curavit
745 545 921 587 Suidam
954 543 1005 600 (s.
1033 559 1068 585 v.
1095 544 1379 600 Δημοκήδης)
1412 545 1478 586 vel
1511 545 1654 599 potius
1688 547 1908 586 auctorem

355 619 444 658 eius
480 617 741 671 Hesycliium
783 615 1000 657 Milesium
1039 615 1111 668 qui
1148 614 1236 655 iam
1275 630 1300 656 a
1337 615 1576 657 Democede
1614 616 1774 657 librum
1813 630 1909 657 con-

355 689 561 741 scriptum
589 701 681 728 esse
709 689 906 728 testatur.
956 684 1162 726 Eiusdem
1195 686 1390 740 opusculi
1423 686 1552 727 etiam
1581 686 1692 741 apud
1718 686 1907 727 Plinium

355 759 515 799 mentio
543 758 592 798 fit
619 756 798 811 (Brunn,
825 757 874 797 de
900 758 1124 797 auctorum
1151 755 1289 797 indice
1316 755 1514 797 Pliniano
1540 772 1579 811 p.
1606 755 1695 812 22).
1745 755 1908 798 Vereor

355 833 498 870 tamen
536 843 588 870 ne
621 828 792 882 spurius
830 827 899 868 hic
937 826 1047 868 liber
1083 827 1299 880 putandus
1335 827 1402 868 sit.
1466 827 1578 869 Nam
1611 827 1739 882 primi
1772 828 1908 869 cuius-

357 915 436 954 que
476 900 580 940 artis
619 899 719 939 libri
758 897 884 939 claris
923 897 1009 938 illis
1048 897 1151 938 viris
1197 898 1269 951 qui
1306 897 1552 939 fabularum
1591 900 1665 938 aut
1701 898 1909 939 historiae

355 970 561 1010 memoria
594 970 636 1009 in
670 969 730 1009 eis
763 968 958 1010 floruisse
992 968 1205 1021 feruntur,
1244 967 1431 1010 adscribi
1465 968 1622 1022 solent,
1655 968 1774 1010 velut
1805 966 1908 1009 Cad-

357 1054 546 1080 mearum
573 1039 818 1080 litterarum
846 1052 1082 1092 eponymus
1111 1037 1298 1080 Cadmus
1327 1038 1514 1093 primum
1542 1039 1701 1080 librum
1727 1039 1915 1094 pedestri

358 1110 550 1151 oratione
591 1110 814 1163 scripsisse
853 1108 1009 1150 dicitur
1047 1112 1091 1150 et
1131 1124 1239 1164 quae
1272 1112 1372 1150 sunt
1409 1108 1653 1151 huiusmodi
1694 1110 1918 1152 innumera

358 1182 409 1221 ab
437 1180 692 1234 εὑρημάτων
720 1180 1005 1233 scriptoribus
1032 1180 1220 1221 inventa.
1272 1180 1338 1221 Ad
1370 1179 1484 1221 hunc
1516 1180 1736 1222 modulum
1763 1179 1918 1222 Demo-

358 1251 490 1303 cedis,
536 1251 654 1291 cuius
695 1254 832 1291 artem
874 1249 1120 1292 Herodotus
1159 1251 1467 1304 celebraverat,
1513 1250 1780 1305 principatus
1822 1265 1917 1293 con-

358 1322 482 1362 fictus
516 1336 607 1362 esse
640 1321 822 1362 videtur.
875 1318 1076 1362 Ceterum
1110 1321 1160 1362 de
1193 1320 1455 1363 medicorum
1490 1320 1673 1363 historia
1704 1336 1756 1362 ne
1789 1322 1917 1363 fiden-
1944 1312 1948 1316 ’

360 1393 446 1433 tius
474 1392 614 1433 Plinio
648 1392 868 1433 credamus
896 1391 1147 1446 Epicharmi
1182 1395 1328 1433 monet
1353 1392 1597 1447 exemplum
1623 1391 1694 1446 (cf.
1716 1391 1918 1434 Welcker

360 1463 412 1504 kl.
446 1462 648 1515 Schriften
688 1462 707 1503 Ι
744 1461 862 1517 349).
925 1462 1076 1516 ltaque
1115 1463 1158 1504 in
1192 1461 1370 1504 Sanderi
1411 1463 1611 1517 opinione
1649 1463 1919 1518 acquiescen-

360 1534 461 1574 dum
495 1548 586 1575 esse
622 1547 785 1575 censeo.

477 1603 536 1644 At
582 1603 777 1645 Sittelius
822 1602 867 1657 (l.
908 1602 953 1658 l.)
1000 1607 1197 1646 constare
1243 1604 1326 1646 sibi
1369 1604 1601 1658 profitetur
1644 1599 1943 1646 Alcmaeonis'

360 1675 519 1715 librum
551 1680 599 1715 ut
631 1674 767 1716 multa
799 1675 1009 1716 eiusmodi
1042 1675 1203 1729 scripta
1234 1691 1259 1716 a
1290 1675 1668 1730 Neopythagoreis
1702 1691 1777 1730 per
1808 1676 1918 1717 frau-

361 1746 455 1786 dem
489 1746 709 1786 subditum
737 1760 842 1787 esse.
892 1744 986 1794 Qua
1018 1746 1062 1786 in
1089 1761 1133 1787 re
1160 1746 1332 1801 egregie
1359 1746 1528 1787 erravit.
1583 1746 1722 1795 Quid?
1754 1747 1920 1788 Aristo-

362 1816 489 1856 telem
534 1819 577 1857 et
618 1816 965 1871 Theophrastum
1010 1817 1070 1857 nil
1115 1817 1199 1858 nisi
1245 1831 1352 1872 quae
1396 1817 1525 1858 fando
1570 1817 1620 1857 de
1666 1816 1921 1859 Crotoniata

362 1887 625 1928 audivissent
652 1888 891 1941 prodidisse
919 1887 1224 1941 opinabimur?
1276 1889 1343 1929 An
1369 1902 1469 1929 vero
1497 1887 1790 1942 Aristotelem,
1823 1903 1920 1930 cum

362 1957 566 2010 peculiari
605 1957 715 1998 libro
755 1956 881 2012 (nobe
918 1957 968 1998 τὰ
998 1955 1289 2011 Ἀλκμαίωνος
1320 1958 1461 2000 Laert.
1494 1957 1619 2013 Diog.
1648 1958 1686 1999 V
1708 1957 1784 2014 25)
1823 1974 1920 2000 eum

363 2027 508 2081 petiit,
552 2042 647 2068 cum
692 2027 831 2067 famae
875 2027 1043 2068 nebulis
1100 2028 1342 2069 conflixisse
1388 2029 1544 2083 putas?
1594 2028 1920 2084 Theophrastus

365 2101 508 2138 autem
552 2112 638 2138 non
678 2098 817 2138 solum
863 2112 970 2152 quae
1017 2098 1209 2139 docuerit
1253 2099 1472 2151 Alcmaeo,
1517 2100 1588 2141 sed
1635 2100 1765 2142 etiam
1812 2116 1919 2156 quae

363 2168 634 2222 praeterierit
664 2171 812 2209 narrat
838 2167 964 2223 (Dox.
993 2168 1092 2222 507,
1119 2170 1145 2210 5
1182 2168 1281 2222 περὶ
1314 2167 1360 2211 δὲ
1393 2169 1508 2224 ἁφῆς
1539 2170 1619 2212 οὐκ
1645 2175 1787 2225 εἴρηκε
1821 2173 1920 2214 οὔτε

363 2246 455 2288 πῶς
495 2239 593 2280 οὔτε
632 2241 719 2280 τίνι
758 2238 982 2294 γίγνεται).
1045 2238 1185 2287 Quid?
1248 2239 1311 2281 De
1350 2240 1634 2294 dispositione
1671 2241 1771 2283 libri
1810 2243 1921 2284 unde

365 2310 562 2351 edoctum
607 2325 703 2351 eum
747 2325 838 2351 esse
883 2311 1131 2364 putabimus
1177 2309 1302 2366 (Dox.
1336 2311 1440 2364 506,
1477 2312 1529 2352 19
1569 2316 1612 2353 et
1651 2312 1705 2353 23
1747 2321 1922 2367 πρῶτον

486 2486 519 2527 1)
546 2484 691 2519 Diocles
719 2484 866 2529 quando
893 2484 1028 2520 vixerit
1053 2496 1098 2519 ne
1120 2485 1250 2520 incerti
1277 2485 1506 2527 haereamus,
1534 2485 1630 2521 addo
1659 2487 1765 2522 haec:
1793 2486 1920 2523 Galen.

367 2544 397 2577 l]
420 2547 486 2577 905
509 2544 567 2578 K:
604 2546 760 2588 Διοκλῆς
786 2543 805 2578 ὁ
832 2543 1037 2588 Καρύστιος
1063 2544 1126 2578 καὶ
1152 2543 1398 2590 Πραξαγόρας
1430 2544 1448 2579 ὁ
1475 2546 1579 2592 Κῷος
1611 2546 1743 2590 μικρὸν
1768 2545 1922 2591 ὕστερον

360 2601 628 2647 Ἱπποκράτους
652 2602 853 2648 γεγονότες.
905 2603 1003 2638 Idem
1031 2603 1113 2637 XIV
1137 2608 1203 2638 (383
1227 2604 1285 2639 K.:
1322 2604 1412 2649 μετὰ
1439 2603 1478 2639 δὲ
1506 2610 1637 2639 τοῦτον
1663 2605 1758 2650 (scil.
1783 2605 1922 2650 Hippo-

367 2663 519 2705 cratem)
548 2666 586 2696 Δ.
618 2661 636 2695 ὁ
663 2662 879 2706 Καρύστιος,
906 2661 1152 2707 Πραξαγόρας
1171 2664 1288 2709 Κῷος,
1307 2662 1508 2707 (Ηρόφιλος
1527 2662 1792 2707 Χαλκηδόνιος,
1815 2662 1921 2709 Ἐρα-

368 2722 555 2764 σίστρατος
580 2723 678 2761 Χῖος.
731 2720 856 2756 Celsus
883 2721 928 2756 de
954 2722 1047 2755 med.
1078 2721 1091 2754 1
1118 2732 1280 2766 prooem.
1308 2726 1357 2766 (p.
1387 2726 1426 2764 2,
1456 2727 1497 2757 17
1526 2722 1781 2769 Daremberg):
1817 2725 1925 2770 ‘post

368 2791 475 2823 quem
503 2780 593 2823 (scil.
618 2780 893 2824 Hippocratem)
922 2779 1068 2815 Diocles
1096 2780 1303 2825 Carystius,
1331 2780 1465 2816 deinde
1493 2782 1720 2827 Praxagoras
1747 2784 1785 2818 et
1809 2782 1922 2828 Chry-

368 2838 529 2882 sippus’.
580 2837 718 2873 Plinius
752 2841 824 2874 nat.
854 2839 936 2874 hist.
965 2843 1026 2881 26,
1055 2844 1092 2874 2:
1128 2840 1330 2875 ‘secundus
1357 2841 1481 2874 aetate
1511 2840 1684 2885 famaque
1717 2841 1810 2886 (scil.
1836 2843 1924 2886 post

370 2897 674 2942 Hippocratem)'.
704 2919 743 2922 —
779 2897 882 2932 Vixit
919 2898 1033 2943 igitur
1067 2898 1314 2943 Praxagoram
1348 2899 1444 2932 inter
1475 2901 1512 2933 et
1543 2899 1824 2944 Hippocratem,
1863 2900 1922 2935 vel

370 2955 542 2999 Ctesiam,
570 2957 699 3000 utpote
726 2959 854 2991 contra
880 2968 986 3000 quem
1016 2957 1193 2992 scriberet
1218 2957 1313 3001 (Gal.
1335 2956 1451 2991 XVIII
1477 2959 1542 3002 72).
