2125 3439
1022 224 1312 265 —36—

325 342 337 352 ·
395 331 595 386 cognosci
620 333 802 384 possunt
829 343 970 370 rerum
997 343 1211 370 summam
1232 327 1534 383 comprehendi
1555 342 1787 370 sumamus.
1830 326 1948 377 Quae

395 400 694 456 interpretatio
726 400 869 441 nescio
903 414 957 440 an
989 413 1039 440 eo
1070 399 1210 455 magis
1237 399 1435 454 arrideat,
1469 399 1582 454 quod
1615 398 1827 440 eiusmodi
1860 398 1949 452 opi-

394 473 544 513 niones
578 470 748 524 saepius
783 468 893 523 apud
927 467 1017 509 eius
1051 468 1208 509 aetatis
1240 469 1416 523 eiusque
1449 469 1638 524 regionis
1664 468 1948 523 philosophos

395 542 677 583 inveniantur.
719 540 784 580 Ita
802 538 1081 581 Parmenides
1103 538 1236 590 ὃόξαν
1255 539 1492 595 hominum,
1513 540 1752 594 ἐπιστήμην
1772 539 1948 581 deorum

395 612 624 666 diligenter
644 610 884 665 distinguit,
905 613 950 652 et
968 610 1062 651 triti
1083 613 1184 652 sunt
1209 609 1482 665 philosophis
1501 609 1780 665 Xenophanis
1801 624 1950 651 versus

392 680 491 738 (frg.
521 682 574 722 14
598 679 686 737 K.):

481 762 553 805 καὶ
584 764 632 805 τὸ
663 760 744 817 μὲν
776 759 858 805 οὖν
891 761 1026 818 σαφὲς
1058 764 1177 813 οὔτις
1208 763 1320 819 ἀνὴρ
1352 762 1490 817 γένετ’
1525 762 1633 806 οὐδέ
1659 780 1724 814 τις
1755 765 1872 806 ἔσται

482 835 630 888 εἰδώς,
662 832 773 888 ἀμφὶ
804 837 925 875 θεῶν
956 850 1002 875 τε
1033 833 1104 876 καὶ
1137 835 1246 876 ὅσσα
1277 833 1388 888 λέγω
1420 833 1520 889 περὶ
1550 835 1738 876 πάντων.

482 906 523 946 εἰ
552 905 635 958 γὰρ
667 902 738 945 καὶ
769 905 822 945 τὰ
853 904 1039 958 μάλιστα
1071 905 1195 960 τύχοι
1227 903 1508 959 τετελεσμένα
1540 905 1697 959 εἰπών,

482 975 612 1024 αὐτὸς
643 975 758 1029 ὅμως
790 974 870 1016 οὐκ
902 972 1012 1016 οἶδε·
1045 976 1175 1025 δόκος
1207 974 1247 1017 δ’
1283 973 1353 1017 ἐπὶ
1383 981 1489 1017 πᾶσι
1519 974 1729 1017 τέτυκται.

392 1058 541 1113 Neque
574 1061 718 1099 tamen
753 1060 852 1112 apte
887 1047 1166 1099 conferuntur
1196 1057 1557 1113 philosophorum
1589 1058 1724 1114 dicta,
1762 1073 1871 1114 quae
1907 1059 1951 1101 in

392 1130 558 1171 ratione
602 1129 819 1182 nitantur,
869 1131 911 1170 et
954 1129 1108 1170 medici
1154 1129 1325 1171 secandi
1370 1132 1461 1171 arte
1505 1130 1661 1171 intima
1704 1130 1952 1172 scrutantis.

392 1200 621 1241 Praeterea
657 1199 898 1241 inauditum
942 1199 1049 1241 illud
1087 1200 1327 1255 asyndeton
1362 1199 1461 1255 περὶ
1498 1208 1586 1242 τῶν
1618 1199 1823 1255 ἀφανέων
1853 1198 1952 1255 περὶ

390 1279 478 1313 τῶν
504 1271 707 1325 Ῠθνητῶν
734 1271 948 1324 quomodo
976 1270 1183 1325 explicari
1208 1271 1350 1326 possit
1374 1276 1462 1313 non
1488 1271 1622 1312 video.
1667 1270 1782 1312 Nam
1808 1286 1953 1326 quam-

392 1357 520 1396 quam
551 1341 720 1396 saepius
747 1341 965 1383 contraria
991 1342 1199 1396 asyndeto
1227 1340 1522 1398 iunguntur-¹),
1554 1344 1597 1383 et
1622 1342 1728 1383 trita
1755 1357 1952 1384 sermone

392 1416 435 1453 et
456 1412 593 1454 multo
615 1412 813 1454 breviora
839 1410 907 1467 (ut
932 1412 1024 1454 ἄνω
1050 1412 1165 1454 κάτω
1190 1411 1303 1468 sim.)
1329 1412 1435 1454 talia
1455 1427 1547 1454 esse
1569 1415 1760 1467 apparet.
1811 1413 1950 1455 Immo

392 1484 535 1538 ipsum
576 1482 682 1523 illud
723 1483 963 1537 asyndeton
1002 1498 1098 1525 cum
1131 1484 1407 1525 manifestum
1439 1484 1789 1538 interpolationis
1826 1484 1954 1526 vesti-

392 1555 511 1609 gium
544 1568 636 1595 esse
668 1553 875 1607 videatur,
906 1552 1131 1608 Bernaysii
1165 1555 1286 1609 sequi
1313 1553 1426 1595 malo
1453 1554 1759 1610 coniecturam,
1790 1554 1841 1596 de
1869 1568 1958 1609 qua

395 1624 610 1665 Dielesius
637 1624 864 1666 certiorem
891 1639 957 1666 me
984 1624 1100 1666 facit.
1151 1624 1414 1679 Bernaysius
1442 1623 1578 1680 igitur
1598 1624 1820 1666 existimat
1840 1624 1953 1680 glos-

393 1710 510 1736 sema
541 1693 642 1749 περὶ
673 1702 762 1736 τῶν
794 1693 1001 1749 ἀφανέων
1041 1695 1238 1751 genuinis
1271 1695 1414 1737 verbis
1448 1695 1593 1750 eisque
1625 1695 1813 1738 insolitis
1852 1693 1952 1751 περὶ

389 1773 477 1807 τῶν
509 1765 712 1820 ἀθεήτων
745 1766 1087 1820 superscriptum
1114 1780 1190 1820 per
1216 1781 1406 1808 errorem
1438 1766 1483 1807 in
1509 1766 1787 1808 Alcmaeonis
1820 1766 1953 1808 verba

391 1838 611 1890 receptum
657 1850 767 1892 esse3
811 1836 897 1877 iam
934 1837 1120 1891 primam
1158 1837 1276 1879 vocis
1315 1836 1518 1891 ἆθεήτων
1559 1836 1754 1879 litteram
1798 1837 1952 1879 calami

389 1906 513 1961 lapsu
553 1907 758 1948 omissam
798 1910 840 1949 et
878 1910 919 1948 E
960 1907 1006 1949 in
1042 1910 1093 1949 N
1126 1910 1343 1949 mutatum
1387 1922 1492 1950 esse.
1552 1907 1593 1949 A
1631 1921 1715 1962 quo
1754 1908 1952 1963 equidem

390 1992 439 2019 eo
484 1980 654 2019 tantum
695 1978 864 2032 recedo,
910 1979 1023 2033 quod
1062 1979 1249 2021 scribere
1288 1978 1402 2021 malo
1441 1979 1758 2020 ΑΘΗΗΤΩΝ
1793 1979 1952 2034 quippe

389 2049 501 2103 quod
540 2048 709 2090 facilius
751 2049 794 2090 in
834 2051 1148 2091 ΑΘΝΗΤΩΝ
1181 2050 1450 2105 pessumdari
1490 2047 1737 2105 potue1·it.²)
1799 2049 1951 2104 ltaque

511 2190 543 2232 1)
571 2187 621 2224 Cf.
644 2189 795 2224 Kfihner
821 2190 1016 2233 Ausfvihrl.
1037 2190 1197 2226 Gramm.
1219 2190 1272 2225 ΙΙ2
1297 2202 1382 2236 pag.
1405 2194 1471 2226 865
1496 2194 1515 2233 ξ
1536 2193 1604 2225 546
1627 2191 1660 2226 d.

508 2250 545 2292 2)
567 2245 760 2292 Ἀθήητος,
793 2249 815 2284 i.
838 2261 872 2293 q.
899 2248 1098 2284 invisibilis
1135 2250 1195 2285 vel
1228 2249 1292 2294 qui
1318 2249 1436 2285 videri
1467 2250 1610 2294 nequit,
1642 2249 1829 2284 invenitur
1853 2251 1950 2294 apud

390 2305 563 2341 Nonnum
583 2307 768 2352 Metaphr.
789 2308 929 2353 Evang.
951 2308 1026 2345 Ioa.
1045 2308 1062 2342 I
1082 2313 1138 2354 58,
1158 2309 1207 2345 ib.
1222 2313 1305 2354 211,
1325 2309 1375 2344 111
1395 2312 1451 2353 41,
1477 2308 1526 2343 ib.
1548 2311 1602 2352 64,
1622 2307 1690 2343 VII
1713 2312 1767 2351 17,
1793 2307 1879 2343 XIV
1894 2313 1951 2353 31,

390 2366 438 2400 ib.
469 2368 529 2409 68;
557 2365 706 2411 Dionys.
734 2366 767 2400 Π
794 2372 824 2402 6.
878 2366 1023 2412 Θηητός
1047 2367 1123 2403 iam
1149 2368 1248 2414 apud
1274 2368 1475 2403 Hesiodum
1502 2367 1688 2403 invenitur
1714 2366 1865 2413 (Theog.
1892 2368 1952 2413 31)

388 2436 454 2459 nec
480 2436 554 2460 non
574 2425 672 2470 apud
695 2426 896 2470 Tyrtaeum
918 2427 1001 2472 (frg.
1017 2427 1049 2461 X
1070 2432 1114 2462 29
1135 2427 1270 2473 Bergk,
1291 2427 1354 2462 ubi
1375 2426 1461 2462 libri
1480 2424 1666 2471 θνητόςὶ),
1687 2426 1833 2471 saepius
1852 2427 1952 2472 apud

392 2483 607 2527 Dionysium
645 2483 880 2529 Periegetam
911 2497 967 2520 w.
996 2490 1082 2530 463,
1115 2489 1201 2529 513,
1233 2489 1318 2528 841,
1354 2489 1442 2520 1152
1481 2485 1558 2530 (ubi
1591 2485 1728 2520 Aldina
1761 2483 1952 2531 θνητόςέ);

391 2543 483 2577 adde
510 2543 548 2578 C.
575 2543 601 2578 1.
629 2543 689 2578 Gr.
722 2542 772 2577 111
805 2547 909 2587 6779,
938 2548 971 2580 4.
1022 2544 1167 2580 Similia
1193 2547 1277 2579 sunt
1308 2544 1455 2589 θηητής
1486 2544 1706 2589 (Hesychius
1738 2555 1765 2578 s.
1786 2556 1838 2579 v.:
1870 2544 1893 2580 i.
1915 2556 1950 2589 q.

390 2600 558 2646 θεωρός),
589 2601 736 2647 θηητήρ
769 2602 850 2647 (Od.
884 2607 940 2646 21,
967 2607 1052 2646 3973
1091 2604 1247 2648 Hesych.
1281 2615 1372 2640 S.V.:
1410 2604 1434 2639 i.
1454 2616 1488 2648 q.
1515 2602 1747 2648 θαυμαστῆς,
1778 2602 1950 2648 θεατήρ).

393 2660 562 2695 Doricum
578 2660 732 2705 θαητός,
752 2662 851 2706 quod
872 2664 910 2697 et
923 2663 1057 2707 ipsum,
1076 2663 1201 2698 dorice
1223 2662 1412 2708 scripsisse
1433 2663 1464 2698 si
1483 2662 1671 2708 putandus
1692 2663 1750 2697 est
1764 2661 1952 2705 Alcmaeo,

392 2718 571 2753 facillimo
593 2720 727 2754 calami
749 2720 855 2766 lapsu
881 2721 918 2756 iu
939 2721 1078 2766 θνητός
1099 2721 1235 2757 mutari
1255 2723 1388 2767 potuit,
1418 2723 1541 2758 exstat
1561 2720 1666 2757 Pind.
1686 2720 1814 2756 Isthm.
1834 2724 1868 2766 4,
1887 2724 1951 2764 40;

391 2776 497 2821 Pyth.
519 2783 550 2821 4,
571 2781 658 2820 47ος
681 2784 712 2822 4,
729 2783 812 2821 1423
833 2778 937 2814 Nem.
961 2784 1066 2823 1‚54;
1085 2779 1239 2816 Theocr.
1262 2785 1315 2824 15,
1337 2784 1397 2823 84;
1419 2779 1525 2814 Paus.
1547 2779 1596 2813 VI
1616 2784 1648 2823 3,
1672 2784 1715 2814 14
1734 2781 1788 2825 (111
1806 2780 1950 2826 epigr.).

395 2836 534 2876 Quibus
556 2837 724 2871 omnibus
745 2837 835 2873 locis
859 2840 897 2873 et
914 2838 1058 2883 θαητός
1077 2842 1116 2874 et
1134 2838 1276 2884 θηητός
1295 2839 1508 2884 significant
1526 2838 1550 2874 i.
1566 2851 1599 2883 q.
1619 2837 1851 2884 θαυμαστός,
1875 2850 1949 2874 11011

392 2895 414 2928 i.
436 2907 470 2938 q.
498 2894 638 2938 ὁρατός.
679 2896 783 2937 Quod
810 2907 854 2931 ne
875 2897 1018 2932 mireris
1038 2898 1263 2943 memineris,
1290 2897 1404 2934 etiam
1429 2897 1540 2933 verbo
1560 2896 1727 2943 θηέομαι
1752 2899 1949 2942 utramque

392 2954 542 2988 subesse
570 2956 606 2988 et
632 2956 907 3001 contemplandi
934 2958 972 2990 et
991 2957 1149 2992 mirandi
1170 2957 1358 2993 notionem
1385 2957 1443 3002 (cf.
1466 2956 1601 2992 Herod.
1625 2958 1635 2991 1
1660 2961 1703 2993 10
1726 2958 1765 2992 et
1782 2956 1833 2991 111
1856 2959 1949 3003 136).
