2125 3439
752 242 1042 282 —47-

236 346 538 388 Chalcidius
572 346 621 387 in
653 346 781 387 Plat.
814 346 1072 388 Timaeum
1107 360 1213 402 pag.
1242 346 1325 387 279
1354 347 1422 388 ed.
1451 347 1679 388 Wrobel:

123 451 338 458 ........
363 417 503 465 Quare
535 416 787 469 faciendum,
820 420 868 457 nt
901 417 952 457 ad
980 420 1142 458 certam
1170 417 1510 472 explorationem
1538 417 1679 459 Plato·

118 488 203 530 nici
231 487 448 543 dogmatis
475 489 763 528 commentum
792 489 915 527 vetus
943 488 1176 529 advocetur
1203 488 1464 529 medicorum
1499 492 1541 530 et
1574 490 1678 530 item

115 558 405 613 physicorum,
430 556 680 598 inlustrium
707 571 808 597 sane
831 556 1034 611 virorum,
1061 558 1133 611 qui
1162 559 1213 598 ad
1236 560 1679 613 comprehendendam

115 643 242 670 sanae
280 631 460 670 naturae
500 627 739 669 sollertiam
784 631 903 670 artus
943 628 1117 669 humani
1160 630 1351 683 corporis
1391 629 1505 670 facta
1551 645 1680 671 mem-

114 699 291 741 brorum
323 698 566 740 exsectione
599 699 747 740 rimati
781 701 894 753 sunt,
927 699 1041 753 quod
1075 699 1384 740 existimabant
1417 700 1478 741 ita
1507 701 1678 741 demum

115 783 160 811 se
194 769 514 824 suspicionibus
553 772 682 824 atque
721 769 999 824 opinionibus
1040 769 1245 811 certiores
1284 769 1453 811 futuros
1494 786 1603 824 esse,
1643 772 1678 812 si

115 843 208 882 tam
234 840 394 882 rationi
420 840 537 882 visus
572 855 700 895 quam
733 841 844 882 visui
877 840 988 882 ratio
1022 840 1278 882 concineret.
1331 839 1679 882 Demonstranda

115 911 252 966 igitur
285 911 397 953 oculi
429 914 586 952 natura
612 914 690 965 est,
722 911 772 952 de
801 925 885 965 qua
912 926 1007 952 cum
1034 911 1226 966 plerique
1253 911 1326 952 alii
1355 914 1447 952 tum
1474 911 1678 953 Alcmaeo

115 981 427 1037 Crotoniensis,
453 982 497 1023 in
517 981 708 1036 physicis
731 982 990 1023 exercitatus
1018 983 1176 1037 quique
1197 982 1362 1037 primus
1389 983 1678 1024 exsectionem

113 1054 292 1109 aggredi
319 1067 447 1095 ausus
475 1055 553 1106 est,
585 1055 627 1094 et
654 1051 954 1107 Callisthenes,
979 1052 1232 1095 Aristotelis
1261 1054 1442 1107 auditor,
1470 1057 1513 1094 et
1540 1053 1678 1096 Hero-

114 1124 259 1179 philus
299 1124 438 1165 multa
482 1126 526 1165 et
569 1124 792 1178 praeclara
835 1124 879 1165 in
917 1124 1057 1165 lucem
1101 1125 1391 1179 protulerunt:
1437 1125 1541 1166 duas
1586 1140 1678 1166 esse

112 1198 320 1251 angustas
354 1194 542 1248 semitas,
575 1209 682 1248 quae
710 1209 735 1235 a
760 1195 924 1237 cerebri
952 1195 1062 1248 sede,
1095 1195 1139 1236 in
1165 1210 1250 1250 qua
1276 1198 1342 1237 est
1369 1196 1454 1237 sita
1479 1199 1676 1251 potestas

112 1266 280 1308 animae
324 1280 492 1307 summa
536 1280 584 1307 ac
622 1265 891 1320 principalis,
934 1266 985 1307 ad
1025 1267 1245 1308 oculorum
1287 1281 1489 1309 cavernas
1535 1271 1678 1308 meent

111 1337 354 1380 naturalem
404 1337 606 1391 spiritum
657 1337 940 1378 continentes.
1005 1338 1123 1386 Quae
1169 1352 1266 1379 cum
1317 1353 1368 1379 ex
1415 1353 1500 1380 uno
1552 1339 1676 1380 initio

113 1409 346 1463 eademque
384 1408 526 1449 radice
565 1422 821 1463 progressae
862 1408 1176 1463 aliquantisper
1214 1409 1466 1450 coniunctae
1505 1409 1592 1450 sint
1635 1410 1678 1450 in

111 1480 269 1522 frontis
302 1479 481 1533 intimis,
514 1481 738 1533 separatae
772 1478 877 1520 bivii
911 1479 1051 1533 specie
1084 1480 1340 1534 perveniunt
1373 1480 1424 1520 ad
1455 1480 1677 1521 oculorum

111 1565 320 1593 concavas
342 1551 474 1604 sedes,
502 1565 586 1604 qua
609 1550 938 1605 superciliorum
965 1550 1131 1604 obliqui
1159 1551 1356 1592 tramites
1382 1551 1677 1606 porriguntur,

112 1622 391 1677 sinuataeque
424 1621 513 1663 illic
545 1621 790 1663 tunicarum
823 1621 989 1677 gremio
1027 1622 1270 1663 naturalem
1310 1622 1535 1663 humorem
1574 1623 1677 1665 reci-

111 1693 256 1748 piente
289 1692 445 1748 globos
473 1692 691 1747 complent
718 1693 909 1734 munitos
936 1693 1128 1748 tegmine
1154 1693 1474 1747 palpebrarum,
1507 1708 1557 1734 ex
1591 1709 1675 1748 quo

113 1764 389 1819 appellantur
433 1764 570 1806 orbes.
634 1763 771 1806 Porro
818 1765 931 1819 quod
977 1779 1027 1806 ex
1071 1779 1155 1806 una
1201 1764 1297 1805 sede
1343 1765 1677 1820 progrediantur

110 1834 314 1877 luciferae
360 1835 559 1889 semitae,
609 1835 734 1876 docet
780 1834 950 1889 quidem
998 1835 1132 1876 sectio
1177 1835 1492 1890 principaliter;
1539 1836 1675 1878 nihilo

111 1906 253 1948 minus
291 1909 436 1948 tamen
468 1905 730 1961 intelligitur
770 1921 821 1948 ex
854 1921 903 1948 eo
944 1920 1126 1961 quoque,
1164 1907 1277 1960 quod
1311 1910 1492 1961 uterque
1527 1908 1675 1949 oculus

113 1980 338 2020 moveatur
363 1992 449 2019 una
480 1992 559 2019 nec
585 1977 696 2018 alter
728 1978 818 2019 sine
846 1978 982 2019 altero
1011 1978 1174 2019 moveri
1201 1981 1340 2032 queat.
1393 1977 1516 2020 Oculi
1544 1993 1674 2032 porro

111 2048 246 2104 ipsius
280 2048 593 2091 continentiam
632 2049 675 2090 in
709 2052 915 2104 quattuor
947 2049 1211 2090 membranis
1252 2064 1327 2090 seu
1366 2050 1523 2091 tunicis
1556 2054 1676 2091 nota-

112 2123 265 2162 verunt
295 2120 487 2175 disparili
520 2120 751 2162 soliditate.
803 2120 995 2169 Quarum
1026 2120 1314 2162 differentiam
1348 2121 1675 2175 proprietatem-

112 2206 192 2246 que
231 2192 267 2233 si
300 2191 396 2245 quis
428 2192 629 2246 persequi
662 2192 784 2246 velit,
823 2193 1029 2234 maiorem
1068 2192 1293 2247 proposita
1327 2192 1508 2233 materia
1546 2193 1675 2233 susci-

110 2263 200 2317 piet
233 2263 435 2304 laborem.
471 2287 524 2292 —

231 2333 474 2375 Dolendum
519 2338 584 2376 est
634 2334 748 2389 apud
794 2334 1062 2377 Chalcidium
1107 2333 1382 2376 Alcmaeonis
1433 2334 1674 2375 doctrinam

111 2420 207 2447 cum
240 2404 519 2448 Callisthenis
552 2409 681 2460 atque
714 2405 942 2461 Herophili
977 2406 1040 2447 ita
1072 2405 1288 2459 confundi,
1321 2408 1369 2445 ut
1402 2405 1471 2446 vix
1499 2405 1673 2446 initium

110 2476 236 2518 ‘duas
270 2491 362 2518 esse
396 2479 603 2532 angustas
636 2477 813 2518 semitas
833 2511 1049 2518 ........
1068 2476 1233 2518 meent’
1267 2475 1545 2517 Crotoniatae
1585 2476 1673 2517 red-

108 2548 206 2589 dere
244 2547 472 2601 possimus.
536 2546 740 2601 Corporis
773 2547 1072 2602 Hippocratici
1111 2548 1194 2589 duo
1236 2550 1336 2588 sunt
1376 2547 1476 2599 loci,
1517 2547 1673 2601 quibus

109 2619 350 2660 accuratius
390 2619 439 2659 de
479 2618 591 2660 oculi
631 2621 851 2659 structura
891 2619 1054 2673 agitur,
1100 2618 1187 2659 scil.
1222 2618 1271 2659 de
1311 2618 1388 2659 loc.
1423 2617 1466 2658 in
1498 2617 1612 2659 hom.
1647 2620 1673 2658 2

112 2688 192 2746 (VI
220 2691 304 2732 278
331 2688 396 2746 L.)
430 2692 472 2730 et
505 2689 555 2730 de
588 2689 769 2743 princip.
800 2690 849 2729 17
881 2688 1004 2744 (VIII
1033 2690 1118 2730 604
1146 2688 1224 2744 L.)‚
1257 2703 1440 2743 quorum
1475 2692 1673 2730 auctores

111 2760 387 2802 Alcmaeonis
419 2760 578 2802 librum
613 2759 891 2814 exscripsisse
925 2759 1219 2801 verisimiliter
1249 2759 1431 2801 coniecit
1458 2758 1672 2802 Dielesius

109 2831 258 2874 Herm.
284 2830 473 2872 XXVIII
506 2832 614 2886 421,
643 2832 669 2872 2
703 2831 773 2886 (cf.
807 2831 999 2872 eiusdem
1038 2831 1386 2873 dissertationem
1425 2830 1475 2871 de
1509 2829 1673 2886 Gorgia

111 2907 154 2945 et
187 2902 447 2957 Empedocle
481 2902 588 2944 actis
622 2902 863 2944 academiae
897 2902 1190 2944 Berolinensis
1226 2902 1338 2944 1884
1370 2915 1468 2956 pag.
1495 2902 1580 2943 355
1614 2902 1673 2942 in-

112 2973 303 3031 sertam).
366 2972 557 3027 Uterque
590 2973 650 3014 nil
684 2974 734 3015 de
767 2973 1069 3015 coniunctione
1102 2988 1332 3014 nervorum
1366 2972 1674 3028 oculariorum3
