2125 3439
744 266 794 271 .-
860 242 909 281 51
979 266 1033 271 -.

229 346 330 389 Pori
363 348 427 389 illi
459 347 703 390 fistularum
736 348 778 389 in
807 349 992 402 speciem
1025 347 1201 389 formati
1228 362 1320 389 esse
1348 349 1526 402 putandi
1554 350 1669 402 311111,

112 419 314 473 quoniam
342 434 418 474 per
444 433 516 460 eos
543 432 695 460 sonum
723 419 774 460 ad
803 419 1023 460 cerebrum
1051 420 1219 473 διηχεῐν
1251 422 1379 473 atque
1413 420 1668 474 corpuscula

111 489 293 531 odoi-osa
330 504 415 531 una
453 503 548 530 cum
587 489 731 530 anima
769 503 845 543 per
877 489 1206 543 respirationem
1246 489 1408 531 attrahi
1440 491 1544 531 vult.
1608 491 1669 533 Ut

108 560 153 601 hi
186 575 302 613 aera,
339 561 402 600 ita
440 559 662 600 oculorum
702 558 797 613 pori
835 573 991 612 aquam
1025 560 1242 600 continere
1283 560 1490 602 videntur.
1555 561 1668 603 Nam

111 631 198 671 veri
232 630 451 671 simillime
484 629 699 670 Dielesius
732 629 897 684 (1161111.
926 628 1114 670 XXVIII
1151 644 1245 683 pag.
1273 632 1378 681 421,
1406 630 1452 685 2)
1485 633 1669 674 coniecit

108 700 413 742 Alcmaeonem
452 703 623 742 secutos
656 714 748 741 esse
782 699 1190 754 Ps.·Hippocratem
1229 700 1279 740 de
1314 700 1390 741 loc.
1425 702 1468 742 in
1501 702 1614 743 hom.
1643 704 1668 743 2

110 769 192 827 (VI
220 771 304 812 278
333 769 398 826 L.)
425 773 468 812 et
494 771 544 812 de
571 771 703 825 princ.
735 771 784 811 17
815 769 940 826 (VIII
970 771 1055 812 604
1077 769 1143 825 L.)
1170 786 1247 812 nec
1273 786 1359 812 11011
1386 771 1668 814 Aristotelem

108 842 145 883 d.
172 856 266 897 gen.
295 857 359 883 an.
386 841 427 883 ΙΙ
455 843 498 885 6.
527 843 611 883 744
639 857 663 882 a
689 842 728 894 8,
761 842 881 883 cuius
914 841 1021 883 addo
1054 842 1202 882 verba:
1241 841 1325 884 ἀπὸ
1357 848 1431 895 τῆς
1463 841 1561 896 περὶ
1592 845 1669 884 τὸν

107 911 349 967 ἐγκέφαλον
394 913 632 967 ὑγρότητος
675 912 956 967 ἀποκρίνεται
1006 914 1054 955 τὸ
1099 913 1415 967 καθαρώτατον
1460 914 1531 954 διὰ
1581 921 1670 955 τῶν

107 986 272 1038 πόρων,
305 986 350 1025 οἳ
372 986 605 1038 φαίνονται
631 983 840 1039 φέροντες
869 982 940 1024 ἀπ’
973 983 1118 1025 αὐτῶν
1151 982 1210 1039 (11.
1231 998 1263 1025 e.
1292 984 1345 1025 ab
1373 984 1528 1039 oculis)
1560 987 1670 1038 πρὸς

106 1055 186 1108 τὴν
218 1057 408 1109 μήνιγγα
447 1056 526 1109 τὴν
564 1054 664 1109 περὶ
701 1056 779 1096 τὸν
812 1054 1064 1109 ἐγκέφαλον.
1128 1053 1208 1096 Cui
1240 1055 1460 1096 doctrinae
1495 1056 1670 1097 minime

107 1127 266 1176 obstat,
299 1126 412 1180 quod
439 1126 553 1167 oculi
580 1126 759 1181 globum
786 1126 1018 1168 maximam
1044 1129 1211 1181 partem
1243 1141 1329 1167 non
1356 1126 1520 1180 liquida
1547 1142 1669 1182 aqua,

106 1197 178 1238 sed
210 1197 390 1238 humore
419 1197 604 1252 quodam
633 1200 833 1238 concreto
862 1196 1126 1252 completum
1153 1211 1244 1239 esse
1272 1197 1362 1238 31116
1390 1197 1520 1239 dubio
1554 1199 1669 1240 facta

105 1268 294 1310 sectione
332 1267 441 1309 vidit
481 1267 698 1309 Alcmaeo.
761 1267 875 1315 Nam
915 1283 1071 1322 aquam
1110 1268 1230 1310 illam
1267 1267 1505 1322 liquentem
1543 1273 1670 1311 antea

106 1339 279 1380 homine
319 1342 490 1380 mortuo
533 1353 805 1381 concrescere
845 1342 974 1393 atque
1013 1339 1252 1394 coagulari,
1290 1339 1333 1380 id
1372 1340 1485 1394 quod
1519 1344 1670 1382 auctor

104 1410 154 1451 de
186 1410 320 1464 princ.
353 1410 378 1450 l.
412 1411 435 1450 1.
474 1409 591 1466 (pag.
626 1410 728 1463 606,
766 1411 815 1450 11
853 1409 918 1463 L.)
964 1410 1105 1463 ponit,
1154 1410 1359 1452 Alcmaeo
1406 1426 1453 1452 eo
1499 1411 1668 1453 facilius

104 1481 256 1522 (locere
293 1481 454 1536 potuit,
497 1481 612 1536 quod
651 1480 735 1536 ipsi
774 1482 898 1522 oculo
938 1481 1083 1536 ignem
1130 1481 1268 1522 inesse
1308 1482 1492 1535 putabat
1529 1486 1668 1524 morte

106 1552 303 1594 videlicet
335 1552 624 1594 interiturum.

222 1622 408 1665 Cerebro
447 1627 566 1665 moto
613 1638 707 1665 cum
751 1623 846 1678 pori
886 1623 1205 1679 clauduntur1),
1251 1638 1401 1666 sensus
1445 1624 1538 1665 fieri
1581 1639 1667 1667 non

102 1697 296 1748 possunt.
359 1694 523 1736 Moveri
557 1698 701 1736 autem
735 1695 957 1736 cerebrum
996 1695 1084 1737 ictu
1117 1695 1302 1737 maxime
1340 1695 1407 1736 vel
1440 1695 1563 1750 lapsu
1601 1696 1667 1738 vel

103 1765 188 1806 alia
221 1766 405 1819 quadam
438 1766 630 1821 corporis
663 1765 943 1808 concussione
971 1766 1200 1807 credidisse
1231 1781 1328 1807 eum
1355 1766 1667 1808 arbitrabimur

105 1835 176 1891 (cf.
211 1836 411 1878 l'raenot.
444 1835 568 1879 Coae.
601 1837 687 1878 489
724 1857 778 1871 =
811 1837 1016 1892 Hippocr.
1044 1836 1083 1878 V
1112 1837 1216 1890 6943,
1243 1837 1267 1877 2
1301 1836 1366 1878 L.:
1402 1837 1574 1879 ὅσοισιν
1612 1837 1667 1880 ἂν

103 1907 126 1949 ὁ
167 1906 405 1961 ἐγκέφαλος
449 1912 605 1963 σεισθῇ
647 1907 673 1962 ἦ
717 1910 882 1964 πονέσῃ
920 1911 1150 1961 πληγεῖσιν
1192 1907 1217 1961 ἣ
1256 1909 1417 1961 ἄλλως,
1461 1911 1668 1951 πίπτουσι

101 1985 376 2033 παραχρῆμα,
409 1980 581 2034 ἄφωνοι
613 1982 811 2033 γίνονται
842 1977 915 2021 καὶ
943 1979 1041 2021 οὔτε
1069 1979 1204 2032 ὁρῶσι
1231 1979 1331 2020 οὔτε
1359 1979 1569 2022 ἀκούουσι
1595 1979 1666 2022 καὶ

101 2049 152 2090 τὰ
179 2050 318 2091 πολλὰ
344 2047 626 2106 θνῄσκουσι),
655 2065 919 2105 quamquam
946 2065 1052 2105 quae
1081 2051 1124 2091 111
1150 2050 1262 2092 libro
1290 2051 1339 2091 de
1366 2051 1517 2092 morbo
1545 2066 1667 2093 sacro

101 2119 159 2176 (V
165 2120 183 2161 I
212 2120 310 2175 358,
331 2122 356 2162 6
378 2120 444 2178 L.)
465 2122 668 2177 leguntur
695 2122 854 2165 ὁκόταν
874 2122 1111 2176 ὑγρότερος
1136 2128 1210 2176 τῆς
1230 2122 1390 2175 φύσιος
1410 2123 1474 2177 ἔῃ,
1500 2121 1666 2176 ἀνάγκη

100 2196 321 2233 κινεῖσθαι
353 2194 430 2235 τὸν
457 2192 714 2247 ἐγκέφαλον,
745 2192 1009 2247 κινευμένου
1043 2190 1092 2234 δὲ
1119 2195 1216 2245 [τοῦ
1241 2193 1426 2247 πάθεος]
1454 2195 1558 2246 μήτε
1586 2194 1666 2246 τὴν

102 2263 206 2312 ὄψιν
245 2263 486 2318 ἀτρεμίζειν
524 2266 628 2318 μήτε
668 2265 748 2319 τὴν
787 2264 938 2318 ἀκοήν,
978 2262 1070 2306 ἀλλ’
1109 2264 1263 2305 ἄλλοτε
1301 2264 1408 2305 ἄλλο
1448 2264 1557 2317 ὁρᾶν
1595 2263 1666 2305 καὶ
1704 2263 1708 2268 “

102 2332 420 2376 ἀκούειν....·
460 2335 620 2377 ὁκόσον
659 2334 698 2376 δ’
742 2335 798 2377 ἂν
835 2334 1046 2391 ἀτρεμέσῃ
1086 2335 1109 2377 ὁ
1148 2333 1408 2389 ἐγκέφαλος,
1451 2341 1665 2377 τοσοῦτον

102 2402 174 2445 καὶ
213 2411 374 2458 φρονεῖ
407 2405 430 2447 ὁ
463 2407 701 2461 ἄνθρωπος
739 2410 781 2448 61
819 2407 913 2461 ipsa
951 2406 1135 2449 fortasse
1176 2407 1228 2447 ad
1261 2406 1538 2447 Alcmaeonis
1578 2405 1664 2460 pla-

103 2475 237 2516 citum
268 2475 573 2518 illustrandum
605 2477 804 2520 advocari
837 2480 1030 2532 possunt.

221 2556 303 2599 Sed
325 2558 425 2612 quid
447 2561 547 2599 suut
567 2560 726 2612 noyon?
772 2557 1386 2613 Sanderus‚Windelbandius‚
1411 2559 1485 2601 alii
1506 2574 1660 2601 nervos

102 2643 209 2684 quos
248 2644 325 2670 1103
364 2629 545 2670 dicimus
584 2630 846 2685 intelligunt.
911 2630 972 2671 Ac
1012 2644 1062 2671 ne
1103 2644 1182 2685 ego
1228 2630 1400 2685 quidem
1440 2630 1661 2672 oculorum

100 2714 254 2741 nervos
295 2700 598 2742 Alcmaeonem
639 2701 794 2742 vidisse
834 2701 1090 2742 contendere
1129 2701 1356 2756 gravabor.
1421 2699 1503 2741 Sed
1542 2701 1662 2742 valde

102 2771 272 2823 dubito,
309 2785 413 2812 num
452 2772 582 2813 etiam
615 2772 802 2826 narium,
841 2771 1027 2825 aurium,
1065 2771 1238 2826 linguae
1276 2786 1429 2813 nervos
1463 2772 1663 2827 cognitos

223 2924 256 2966 1)
282 2922 338 2957 Ad
367 2934 492 2958 vocem
522 2919 788 2970 ἐπιλαμβάνειν
826 2923 871 2959 cf.
905 2935 988 2968 pag.
1018 2927 1102 2967 501,
1130 2927 1150 2957 ὓ
1183 2919 1420 2959 ἐπιπλάττειν
1452 2924 1517 2958 καὶ
1548 2938 1663 2959 κατα-

100 2981 315 3029 λαμβάνειν.

1330 3048 1348 3077 4
1360 3044 1377 3062 τὴ
