2125 3439
744 244 1031 285 m61—-

108 347 236 391 bente
270 348 395 392 aliter
427 349 638 392 iudicasse
672 353 818 404 potest
858 353 986 405 atque
1020 348 1070 391 de
1105 350 1207 392 luna
1239 349 1378 391 varias
1411 349 1571 392 formas
1605 363 1671 391 ex-

107 420 377 477 primente.¹)
428 421 488 462 At
522 421 571 462 de
605 420 708 462 solis
742 420 981 462 defectibus
1015 422 1115 476 quid
1148 421 1428 476 putabimus?
1477 421 1670 463 Aliterne

108 506 181 533 eos
202 491 295 533 fieri
318 491 586 532 existimavit
607 494 736 544 atque
764 490 888 531 lunae
900 494 921 531 ζ)
948 492 1017 532 An
1038 491 1212 532 omnino
1234 492 1454 547 neglexit?
1483 491 1671 533 Zellerus

109 576 215 616 quae
250 560 460 602 Stobaeus
494 561 628 602 tradit
659 560 722 601 ita
755 560 1000 615 coniungit,
1042 564 1088 602 ut
1121 566 1346 616 utramque
1381 563 1551 603 stellam
1586 578 1670 604 non

106 632 169 673 ita
199 646 347 673 cavam
381 634 509 685 atque
537 630 720 685 scaphae
749 630 980 686 similem2)
1008 631 1314 673 Alcmaeonem
1343 633 1515 675 finxisse
1543 634 1669 674 dicat.

106 700 268 744 Verum
301 701 553 757 diligentius
588 700 836 743 distinxisse
871 702 1073 756 antiquos
1107 702 1221 743 inter
1254 703 1478 744 stellarum
1509 704 1669 745 formas

105 776 315 814 πλατεῖαν
349 776 392 814 et
426 773 668 827 σκαφοειδῆ
709 772 1047 814 existimaverim
1080 771 1151 828 (cf.
1183 773 1338 814 A'ctius
1372 773 1483 815 Plac.
1513 774 1550 815 ll
1581 773 1670 830 22),

106 858 234 898 quam
267 847 316 885 ut
348 843 393 885 in
425 858 557 886 unum
590 858 660 885 eas
695 843 953 885 confundere
985 843 1124 886 liceat.

741 981 916 1025 Fragm.
949 980 1028 1016 XI.

223 1068 442 1111 Aristot.
475 1069 718 1123 problem.
750 1068 878 1110 XVII
912 1070 951 1123 3,
978 1069 1062 1110 916
1097 1084 1121 1110 a
1153 1070 1226 1111 33:
1266 1072 1367 1120 τοὺς
1404 1069 1669 1125 ἀνθρώπους

105 1138 243 1194 φησὶν
271 1138 516 1194 Ἀλκμαίων
550 1140 622 1181 διὰ
654 1146 784 1182 τοῦτο
817 1140 1118 1192 ἀπόλλυσθαι,
1157 1141 1221 1182 ὅτι
1256 1141 1309 1182 οὐ
1342 1142 1553 1183 δύνανται
1590 1144 1668 1196 τὴν

104 1209 243 1265 ἀρχὴν
287 1216 346 1268 τῷ
384 1210 495 1252 τέλει
536 1211 781 1264 προσάψαι,
824 1219 1001 1265 κομψῶς
1043 1212 1226 1266 εἰρηκὼς
1263 1216 1308 1253 εἴ
1339 1229 1403 1261 τις
1448 1213 1505 1262 ὡς
1548 1214 1667 1269 τύπῳ

103 1281 346 1336 φράζοντος
390 1281 527 1324 αὐτοῦ
578 1280 837 1337 ἀποδέχοιτο
881 1281 952 1323 καὶ
1003 1283 1060 1336 μὴ
1113 1283 1373 1337 διακριβοῦν
1423 1283 1570 1326 ἐθέλοι
1621 1286 1668 1326 τὸ

103 1352 275 1407 λεχθέν.

222 1423 441 1466 Michael
463 1423 774 1478 Apostolius
795 1423 1034 1465 Proverb.
1057 1423 1194 1466 Ceut.
1211 1423 1357 1466 XVIII
1378 1427 1434 1466 50
1449 1423 1667 1480 (Corpus

103 1494 447 1551 paroemiogr.
493 1495 559 1536 ed.
594 1495 817 1536 Leutsch
863 1498 912 1536 et
953 1494 1309 1536 Schneidewin
1348 1494 1388 1536 II
1422 1495 1544 1551 674):
1588 1497 1668 1550 τὴν

103 1565 244 1621 ἀρχὴν
277 1566 330 1608 οὐ
363 1567 533 1622 δυνήσῃ
566 1571 625 1622 τῷ
657 1565 770 1607 τέλει
801 1566 1044 1620 προσάψαι]
1076 1562 1318 1620 Ἀλκμαίων
1351 1565 1466 1607 τοῦτ’
1505 1568 1586 1621 ἔφη
1620 1569 1667 1609 τὸ

102 1638 204 1686 τοὺς
241 1635 508 1690 ἀνθρώπους
551 1635 830 1678 ἀπόλλυσθαι
876 1637 933 1691 μὴ
975 1638 1250 1690 δυναμένους
1293 1638 1373 1691 τὴν
1413 1636 1554 1692 ἀρχὴν
1593 1644 1668 1692 τῆς

105 1709 213 1764 ζῳῆς
243 1713 302 1764 τῷ
334 1706 447 1750 τέλει
479 1707 722 1762 προσάψαι·
755 1708 913 1756 κύκλος
944 1708 1027 1761 γὰρ
1060 1707 1115 1748 ἄν
1147 1705 1213 1761 ἦν.
1249 1732 1303 1736 -

221 1777 442 1820 Meinersii
463 1776 623 1834 (Gesch.
644 1779 680 1819 d.
701 1778 939 1820 Wissenscle.
961 1779 1005 1819 ‘in
1022 1777 1324 1820 Griechenland
1348 1793 1385 1820 u.
1402 1778 1508 1820 Rom
1527 1777 1545 1819 I
1564 1780 1667 1834 737)

101 1848 255 1891 salsam
282 1848 705 1904 interpretationem:
740 1849 820 1891 Die
841 1849 1064 1891 DIensehen
1092 1863 1243 1891 remma
1271 1865 1352 1891 nm·
1376 1851 1577 1903 ‹lesweyen
1604 1852 1668 1892 ins

111 1921 342 1975 Veram-ben,
375 1921 465 1962 weil
490 1922 548 1962 sic
579 1920 641 1962 bea·
668 1920 782 1961 ihren
810 1920 1093 1974 Handlzmyen
1124 1921 1236 1962 nicht
1266 1924 1359 1962 stets
1390 1922 1466 1962 den
1493 1922 1667 1975 Anfany

101 1993 176 2033 mic
212 1993 302 2033 dem
335 1994 535 2046 Ausyany
571 1991 787 2033 verbinden
826 1992 920 2032 oder
957 1991 1067 2033 nicht
1104 1992 1250 2033 immor
1287 1993 1362 2033 das
1399 1991 1521 2033 Ende
1559 1993 1667 2034 ihrer

111 2062 489 2116 [fleternehmunyen
516 2062 732 2116 iiber-leyen,
766 2077 895 2117 quam
921 2061 1253 2116 Philippsonum
1279 2062 1365 2104 iam
1393 2063 1666 2118 redarguisse

101 2134 272 2175 invenio
305 2132 350 2188 (l.
377 2134 401 2175 l.
435 2148 532 2189 pag.
569 2132 688 2189 185),
727 2132 862 2174 miror
895 2148 919 2174 a
952 2132 1106 2189 Caro³)
1139 2134 1327 2188 probari.
1389 2133 1527 2175 Immo
1562 2134 1666 2175 dicit

101 2205 358 2247 Crotoniata
400 2204 589 2246 hominis
635 2219 790 2259 corpus
836 2204 1013 2245 interire
1066 2208 1294 2259 propterea
1341 2219 1515 2246 necesse
1561 2221 1665 2259 esse,

101 2276 215 2330 quod
247 2275 323 2316 fini
355 2275 528 2317 initium
561 2276 749 2332 iungere,
782 2275 822 2317 h.
851 2291 883 2317 e.
917 2275 1123 2317 circulum
1159 2291 1282 2330 quem
1314 2276 1458 2317 anima
1491 2280 1665 2317 aeterna
1705 2264 1709 2269 ⁴

103 2347 302 2388 conficiat
328 2347 480 2389 (lucere
502 2362 587 2389 non
608 2347 759 2402 possit.
804 2346 854 2388 In
876 2347 1082 2389 circulum
1111 2350 1256 2388 autem
1279 2348 1466 2388 animam
1489 2348 1665 2389 circum-

100 2418 203 2459 ferri
236 2433 331 2459 eam
364 2418 417 2459 ob
451 2433 541 2459 rem
578 2418 741 2472 posuit,
784 2418 895 2472 quod
936 2418 1017 2460 hac
1051 2422 1220 2459 tantum
1254 2418 1323 2459 via
1362 2418 1405 2458 in
1442 2421 1663 2460 aeternum

101 2488 264 2543 aliquid
302 2489 465 2529 moveri
504 2503 629 2542 posse
669 2488 836 2543 antiqui
881 2489 1094 2544 putabant
1139 2488 1293 2543 (Arist.
1332 2489 1453 2543 phys.
1492 2488 1594 2530 VIII
1626 2492 1665 2543 9,

102 2560 187 2600 265
215 2575 239 2600 a
265 2560 338 2600 25:
378 2560 456 2613 τὴν
494 2557 574 2613 μὲν
613 2555 695 2601 οὗν
734 2560 877 2616 κύκλῳ
917 2561 1062 2614 φορὰν
1101 2558 1319 2614 ἐνδέχεται
1355 2559 1503 2601 ἀΐδιον
1537 2557 1664 2612 εἶναι,

101 2638 188 2672 τῶν
221 2628 258 2671 δ’
296 2631 443 2672 ἄλλων
475 2630 575 2672 οὔτε
608 2630 753 2685 φορὰν
788 2628 878 2671 οὐτ’
917 2631 1056 2684 ἄλλην
1088 2631 1332 2687 οὐδεμίαν).

224 2748 257 2792 1)
282 2747 410 2792 Neque
431 2747 529 2782 enim
551 2748 680 2782 dubito
707 2746 794 2792 quin
817 2748 856 2780 et
876 2747 1084 2781 defectuum
1107 2748 1145 2780 et
1165 2746 1356 2782 modorum
1379 2747 1487 2783 lunae
1509 2748 1662 2784 eandem

101 2818 250 2842 caueam
277 2818 356 2841 esse
383 2806 580 2851 putaverit.

220 2869 256 2909 2)
282 2867 403 2909 slache,
431 2866 722 2909 nuche‘nfl'irmiye
749 2866 896 2900 Gcslalt.

220 2926 254 2967 3)
281 2924 390 2960 Ideen
417 2937 481 2959 zur
510 2925 632 2960 Gesch.
660 2926 693 2959 d.
722 2925 952 2968 Philosophie
978 2933 1075 2968 (opp.
1103 2924 1152 2958 IV
1173 2927 1268 2969 275).
1320 2925 1420 2960 Idem
1449 2925 1662 2970 Epicharmi

101 2995 258 3027 versum,
285 2995 394 3028 quem
422 2984 547 3019 Cicero
573 2984 680 3019 Tusc.
709 2985 721 3018 1
743 2990 776 3028 8,
801 2988 840 3018 15
867 2982 984 3026 affert,
1013 2984 1229 3018 Alcmaeoni
1255 2984 1350 3020 salso
1377 2984 1520 3020 tribuit.
