2125 3439
918 244 936 253 -ι

768 271 823 276 --
885 246 941 286 30

133 354 187 396 ab
222 354 308 396 illis
341 354 484 395 differt
511 351 688 394 Sanderi
722 351 846 405 ratio,
880 351 952 405 qui
985 350 1155 392 etiamsi
1189 350 1319 390 verba
1346 348 1419 389 illa
1452 348 1572 390 uncis
1604 362 1691 389 non
1749 358 1761 370 ·

132 424 334 480 includit,
370 428 514 466 tamen
553 423 597 464 in
629 422 872 477 fragmento
906 420 1227 476 interpretando
1268 434 1358 461 sese
1391 420 1691 474 neglecturum

133 509 225 537 esse
252 495 366 537 dicit.
417 494 511 535 Hoc
538 492 835 545 falsissimum3
871 495 1039 532 tantum
1068 492 1181 532 enim
1215 491 1266 532 ad
1293 491 1429 532 totius
1457 490 1690 545 fragmenti

133 566 391 607 sententiam
422 563 742 618 percipiendam
780 563 977 615 interest,
1021 577 1148 616 quam
1189 562 1274 602 vim
1316 562 1375 602 eis
1416 562 1692 614 subiciamus,

132 638 181 676 ut
219 635 292 688 qui
331 634 531 676 delendas
570 648 641 675 eas
677 648 768 674 esse
807 636 937 688 neget
976 633 1077 686 quid
1116 647 1267 673 sonare
1309 647 1379 673 eas
1418 636 1540 686 putet
1579 633 1693 674 dicat

131 719 303 747 necesse
337 705 405 746 sit.
467 704 537 746 Ita
570 705 683 746 enim
717 718 783 745 res
817 718 861 745 se
893 702 1034 744 habet.

250 775 416 818 Deletis
448 775 535 816 illis
567 774 763 816 homines
796 789 845 816 eo
880 788 904 814 a
936 773 1025 815 deis
1059 773 1299 828 discrepare
1333 774 1547 827 dicuntur,
1581 774 1691 828 quod

132 862 239 902 quae
273 847 326 888 ab
359 846 464 901 ipsis
490 845 678 901 intelligi
705 844 874 900 possint
905 844 1140 885 artioribus
1174 844 1331 885 finibus
1365 845 1692 898 circumscripta

133 919 232 960 sint.
283 917 396 959 Nam
423 917 495 972 qui
523 916 645 958 dicit:
673 915 808 966 ‘Quae
836 916 1058 958 recondita
1085 918 1196 969 sunt,
1224 915 1290 956 dei
1319 916 1471 970 sciunt,
1496 915 1693 956 homines

134 989 325 1031 conicere
359 991 529 1030 tantum
555 987 753 1042 possunt'
785 1002 1056 1042 nequaquam
1084 989 1216 1042 negat
1243 989 1393 1040 aperta
1418 1001 1471 1027 ne
1498 986 1694 1027 homines

134 1061 307 1115 quidem
339 1060 550 1115 ignorare.

252 1130 442 1172 Servatis
485 1130 572 1171 illis
617 1134 660 1171 et
705 1130 856 1184 quovis
897 1130 1022 1171 modo
1068 1129 1272 1171 correctis
1318 1129 1474 1184 duplex
1517 1128 1696 1170 offertur

133 1202 243 1244 ratio
276 1201 602 1256 interpretandi.
666 1200 755 1242 Aut
789 1201 902 1242 idem
936 1203 1091 1242 sonant
1124 1201 1255 1242 verba
1287 1200 1542 1256 corrigenda
1583 1200 1695 1254 quod

133 1270 355 1327 ἀφανέωνε
395 1272 480 1313 iam
513 1271 662 1313 eodem
696 1286 780 1326 quo
815 1272 993 1326 exposui
1027 1272 1153 1313 modo
1186 1272 1230 1312 in
1262 1270 1414 1313 finium
1446 1271 1695 1312 diversitate

131 1344 343 1385 humanae
376 1343 628 1397 divinaeque
662 1343 868 1384 scientiae
901 1342 1144 1384 differentia
1175 1343 1319 1397 posita
1351 1346 1434 1397 est3
1474 1346 1548 1383 aut
1581 1342 1696 1384 aliud

132 1415 195 1456 ita
227 1418 275 1456 ut
307 1415 357 1456 τὰ
390 1414 536 1469 ἀφανῆ
569 1416 613 1456 et
643 1414 694 1456 τὰ
727 1414 896 1468 Ἰ“θ-νητά
936 1428 1003 1455 res
1043 1428 1334 1468 quascumque
1375 1413 1696 1468 investigendas

134 1486 518 1540 comprehendant:
558 1486 645 1527 iam
677 1485 796 1527 vides
828 1485 1025 1527 homines
1069 1500 1093 1526 a
1125 1484 1214 1526 deis
1253 1499 1340 1526 non
1372 1485 1617 1539 quantitate
1650 1487 1699 1525 ut

133 1557 197 1598 ita
223 1557 374 1611 dicam,
401 1557 473 1599 sed
501 1556 712 1610 qualitate
738 1556 944 1598 scientiae
972 1556 1172 1598 omnibus
1198 1556 1242 1597 in
1263 1555 1390 1597 rebus
1412 1555 1697 1610 percipiendis

133 1628 260 1669 vinci.
305 1627 456 1682 Itaque
490 1628 562 1683 qui
596 1628 728 1669 verba
759 1626 859 1682 περὶ
885 1635 973 1669 τῶν
1005 1632 1185 1682 θνητῶν
1218 1626 1397 1668 delenda
1430 1641 1522 1668 esse
1556 1631 1698 1683 negat,

134 1699 310 1740 minime
342 1698 557 1754 neglegat,
589 1698 722 1740 immo
756 1698 1067 1752 interpretetur
1099 1712 1148 1738 ea
1180 1700 1363 1752 oportet.

254 1768 363 1811 Sunt
401 1769 474 1824 qui
512 1769 701 1824 priorem
740 1769 993 1811 emendandi
1033 1769 1146 1810 viam
1181 1769 1317 1810 secuti
1351 1768 1587 1811 ἀθανάτων
1619 1784 1698 1824 pro

133 1845 314 1894 θνητῶν
359 1840 490 1882 scribi
534 1840 680 1882 iubere
720 1839 1010 1897 videantur1),
1055 1839 1144 1881 sive
1190 1840 1302 1895 quod
1348 1839 1585 1882 ἀθανάτων
1629 1856 1700 1895 ap-

134 1910 366 1967 positionis
406 1926 535 1966 quam
572 1926 651 1953 nos
690 1911 872 1954 dicimus
911 1912 1007 1954 loco
1045 1912 1238 1953 additum
1272 1927 1364 1954 esse
1397 1914 1572 1966 putant,
1611 1912 1699 1953 sive

136 1984 249 2039 quod
281 1983 332 2024 τὰ
365 1982 512 2038 ἀφανῆ
546 1982 690 2025 omnia
722 1997 814 2025 esse
847 1983 1016 2038 volunt,
1055 1997 1162 2038 quae
1201 1998 1287 2025 non
1322 1983 1463 2025 solum
1495 1983 1540 2024 in
1572 1983 1700 2024 rebus

136 2054 291 2096 divinis
333 2054 405 2096 sed
438 2054 482 2095 in
514 2054 714 2095 humanis
749 2068 917 2109 quoque
959 2055 1074 2096 cerni
1106 2069 1195 2096 non
1227 2057 1429 2109 possunt,
1468 2055 1530 2096 ita
1567 2058 1617 2095 ut
1648 2055 1700 2095 τὰ

136 2125 337 2167 ἀθάνατα
370 2125 493 2180 quasi
525 2140 625 2180 pars
658 2126 716 2167 sit
747 2133 834 2167 τῶν
866 2124 1085 2181 ἀφανέων.
1146 2125 1228 2167 Sed
1260 2129 1491 2180 utrumque
1524 2125 1700 2166 minime

137 2197 353 2239 credibile.
402 2195 463 2238 Ut
496 2197 697 2238 omittam
730 2197 813 2238 dici
846 2197 916 2238 vix
943 2212 1082 2252 posse,
1116 2197 1330 2252 quomodo
1357 2212 1435 2252 pro
1463 2196 1701 2238 ἀθανάτων

138 2268 349 2323 scriptum
381 2269 438 2309 sit
471 2272 668 2322 θνητῶν,
699 2268 794 2310 hoc
827 2267 1100 2323 comprobari
1131 2283 1218 2310 non
1250 2271 1407 2323 potest,
1441 2268 1554 2322 quod
1587 2262 1709 2309 certe¹

140 2339 414 2381 scribendum
442 2342 535 2381 erat
562 2341 730 2381 mutato
759 2339 906 2381 ordine
933 2339 1093 2380 ‘divina
1120 2342 1164 2381 et
1185 2339 1350 2394 [omnia
1377 2339 1570 2390 omnino]
1593 2354 1701 2393 quae

139 2410 255 2452 cerni
293 2424 380 2451 non
416 2410 639 2465 possunt’3
682 2410 830 2465 illud,
870 2411 983 2465 quod
1022 2411 1238 2466 appositio
1272 2424 1586 2465 supervacanea
1624 2424 1700 2450 nos

140 2481 318 2523 offendit
357 2483 485 2536 atque
519 2481 650 2522 etiam
682 2481 732 2522 de
764 2481 964 2523 humanis
998 2483 1126 2523 rebus
1165 2482 1201 2522 si
1240 2481 1355 2523 cerni
1394 2495 1479 2522 non
1518 2483 1702 2535 possunt

139 2553 359 2594 dubitasse
392 2567 489 2594 eum
521 2567 542 2593 0
575 2552 655 2607 frg.
682 2551 809 2594 XVII
841 2552 990 2595 elucet.

259 2623 341 2666 Sed
380 2625 517 2665 altera
553 2623 739 2665 fortasse
779 2624 848 2664 via
886 2624 1047 2679 aliquid
1087 2625 1378 2679 proficiemus,
1422 2623 1484 2664 ita
1523 2623 1611 2665 scil.
1653 2626 1701 2663 ut

139 2695 183 2737 in
215 2695 358 2737 verbis
396 2693 495 2750 περὶ
527 2702 615 2736 τῶν
647 2693 855 2748 ἀφανέων
893 2693 991 2749 περὶ
1023 2702 1110 2736 τῶν
1141 2699 1322 2748 θνητῶν
1361 2694 1552 2736 omnium
1593 2708 1701 2748 quae

261 2815 294 2856 1)
320 2812 447 2856 Neque
474 2811 570 2846 enim
599 2811 784 2846 distinctis
812 2813 965 2846 utuntur
991 2811 1124 2855 verbis,
1150 2815 1192 2847 ut
1212 2811 1416 2846 Bruckerus
1443 2810 1543 2855 (hist.
1567 2809 1701 2855 philos.

140 2871 220 2906 crit.
244 2882 328 2916 pag.
355 2872 474 2915 1131):
505 2870 653 2905 ‘malim
681 2870 959 2914 immortalium,
986 2870 1063 2904 scil.
1086 2870 1279 2913 Deorum’3
1308 2869 1480 2904 similiter
1502 2869 1700 2914 Stanleyus

141 2930 256 2966 vertit
295 2930 360 2965 ‘de
399 2929 645 2964 invisibilibus
685 2930 723 2964 et
759 2928 1031 2965 immortalibus
1070 2929 1197 2964 rebus’
1238 2928 1344 2974 (hist.
1380 2928 1515 2974 philos.
1557 2929 1701 2974 Lipsiae

144 2993 230 3025 1711
261 3000 344 3034 pag.
366 2991 460 3032 823).

1372 3051 1417 3084 3*
