2125 3439
1042 240 1095 244 --
1158 210 1214 255 59
1278 231 1332 243 *ὦ

415 324 625 368 habuerit.
675 321 787 365 Nam
821 336 916 364 cum
950 320 1061 363 oculi
1095 319 1262 362 excussi
1292 333 1447 361 nervus
1473 317 1614 361 facilis
1641 318 1700 360 sit
1726 320 1974 375 conspectu,

418 397 600 437 aliorum
623 408 823 435 sensuum
851 392 969 434 nervi
996 392 1083 432 imo
1108 391 1152 432 in
1173 390 1314 445 capite
1340 390 1634 444 diffinduntur,
1659 389 1723 431 ita
1747 393 1796 432 ut
1816 391 1974 433 tenuis-

415 467 523 507 sima
561 468 731 506 tantum
769 463 842 504 fila
879 477 1014 516 usque
1052 462 1103 503 ad
1143 461 1259 516 ipsas
1299 475 1422 502 aures
1456 464 1534 503 etc.
1566 460 1828 516 pertineant,
1867 475 1974 516 quae

416 538 467 577 ab
504 536 772 587 Alcmaeone,
812 547 938 588 quem
968 547 1120 587 parum
1154 532 1324 574 exculta
1356 532 1574 574 anatomia
1604 546 1730 573 usum
1763 546 1855 574 esse
1889 546 1975 574 cre·

416 607 577 659 demus,
610 607 839 658 conspecta
865 618 957 646 esse
984 604 1243 658 negaverim.
1296 603 1476 658 Opticos
1508 605 1654 644 autem
1679 603 1793 644 inter
1817 617 1973 644 nervos

416 680 665 730 ceterosque
705 677 910 729 quantam
949 673 1235 716 differentiam
1273 674 1480 715 interesse
1520 674 1688 728 antiqui
1726 674 1975 728 putaverint

416 750 464 788 ut
496 746 736 801 intelligas,
774 745 895 786 iuvat
927 745 1077 787 afferre
1111 744 1265 786 Galeni
1297 742 1354 800 (d.
1380 759 1495 785 nerv.
1529 744 1698 786 dissect.
1723 742 1765 785 II
1793 744 1878 786 832
1903 743 1974 798 Κ.)

418 817 547 858 verba
572 816 694 858 haec:
727 815 912 866 ὃόξουσί
934 828 1004 858 σοι
1028 814 1289 871 θεασαμένῳ
1321 815 1557 867 καθάπερ
1589 811 1726 864 τινὲς
1758 815 1889 870 ῥίζαι
1923 815 1976 856 τὰ

418 894 551 941 νεῦρα
583 893 717 928 ταῦτα
749 883 864 928 εἶναι
896 894 982 929 τῶν
1015 886 1274 941 ὀφθαλμῶν.
1337 886 1566 926 διαλύεταί
1592 900 1640 938 γε
1679 885 1766 938 μὴν
1803 884 1884 927 οὐκ
1915 886 1977 935 εἰς

415 959 578 1008 πολλὰς
618 955 712 1007 ἶνας
752 957 898 1011 ὥσπερ
943 958 994 999 τὰ
1033 957 1143 998 ἄλλα
1185 956 1415 1010 σύμπαντα
1452 961 1588 1009 νεῦρα
1606 989 1731 997 .....
1751 954 1861 997 ἀλλὰ
1903 954 1976 998 καὶ

414 1031 597 1083 μόνοις
628 1029 799 1077 τούτοις
823 1035 914 1078 τοῖς
939 1028 1114 1082 νεύροις
1144 1025 1249 1081 πρὶν
1275 1027 1337 1076 εἰς
1362 1027 1439 1068 τὸν
1465 1026 1702 1080 ὀφθαλμὸν
1728 1025 1975 1081 ἐμφύεσθαι

413 1107 584 1154 σαφῶς
616 1098 770 1140 ε’νὸόν
803 1098 944 1140 ἐστιν
983 1099 1236 1152 αἰσθητός
1266 1113 1343 1147 τις
1378 1098 1538 1151 πόρος
1569 1096 1695 1138 ὅθεν
1731 1097 1858 1139 αὐτὰ
1889 1096 1974 1139 καὶ

411 1172 604 1225 πόρους
643 1171 776 1211 ε”νιοι
813 1176 914 1210 τῶν
952 1168 1283 1223 ἀνατομικῶν
1327 1166 1634 1223 ἐκάλεσαν.1)
1697 1169 1760 1210 Ac
1795 1168 1973 1210 minime

413 1242 568 1282 mirum
595 1255 686 1283 esse
712 1241 827 1282 hunc
851 1255 1031 1282 nervum
1057 1240 1110 1281 ab
1140 1240 1399 1281 Alcmaeone
1434 1253 1526 1281 esse
1554 1242 1845 1293 conspectum,
1877 1239 1974 1280 inde

413 1315 591 1367 apparet
636 1312 750 1366 quod
787 1326 839 1353 ne
877 1310 1117 1353 Homerum
1162 1311 1334 1365 quidem
1373 1310 1538 1366 fugisse
1576 1309 1764 1365 videtur,
1809 1310 1882 1365 qui
1927 1311 1978 1352 de

413 1383 679 1438 Polyphemo
712 1382 787 1424 Od.
815 1382 877 1424 IX
904 1382 1006 1425 390:

532 1454 673 1496 πάντα
707 1452 759 1495 δέ
789 1455 834 1495 οῖ
863 1451 1045 1508 βλέφαρ’
1083 1451 1193 1507 ἀμφὶ
1226 1451 1299 1494 καὶ
1331 1454 1500 1507 ὔφρυας
1533 1448 1661 1494 εὗσεν
1692 1451 1835 1507 ἀυτμή

534 1526 696 1579 γλήνης
727 1523 978 1578 καιομένης·
1013 1529 1318 1579 σφαραγεῦντο
1352 1522 1403 1564 ὁέ
1432 1524 1478 1565 οἷ
1505 1521 1611 1577 πυρὶ
1644 1522 1766 1577 ῥίζαι.

414 1594 528 1636 Nam
562 1595 673 1649 ῥίζαι
708 1594 810 1649 quid
843 1595 930 1636 sint
963 1595 1088 1636 docet
1120 1593 1320 1636 Galenus.

535 1664 618 1707 Sed
650 1665 751 1720 quid
783 1665 974 1720 reliquos
1005 1667 1171 1719 πόρους
1201 1665 1528 1720 intelligemus?
1579 1665 1833 1707 Nervosne‘?
1883 1664 1980 1706 Fin-

415 1751 565 1792 gamus
610 1739 756 1777 tantae
803 1734 1098 1790 amplitudinis
1138 1734 1386 1790 animalia2)
1426 1735 1489 1777 ad‘
1518 1736 1731 1778 sectiones
1770 1751 1866 1777 eum
1910 1737 1980 1777 ad-

417 1807 627 1860 hibuisse,
671 1809 720 1847 ut
762 1821 916 1848 nervos
960 1806 1060 1847 illos
1113 1806 1165 1847 ad
1209 1805 1339 1847 finem
1382 1820 1518 1861 usque
1565 1807 1763 1862 detegere
1813 1809 1978 1861 posset3

416 1878 628 1931 fingamus
655 1892 796 1932 poros,
824 1891 930 1931 quos
959 1877 1299 1918 animadvertere
1326 1877 1370 1918 in
1395 1877 1480 1918 filis
1507 1892 1593 1919 non
1618 1880 1804 1932 poterat,
1834 1880 1978 1920 tamen

417 1948 614 2002 opinione
647 1963 744 1989 eum
775 1948 1061 2003 praecepisse:
1101 1948 1201 2002 quid
1242 1948 1355 2002 quod
1394 1949 1563 2003 διηχεῐν
1601 1948 1695 1990 vult
1733 1963 1886 1990 sonum
1926 1949 1977 1990 ad

420 2019 668 2060 cerebrum?
713 2018 866 2060 Nonne
893 2018 975 2060 hoc
998 2019 1208 2073 placitum
1234 2033 1364 2060 unam
1390 2018 1537 2073 potius
1558 2019 1704 2073 paullo
1725 2019 1979 2074 ampliorem

419 2090 701 2131 canaliculam
735 2088 865 2143 capiti
902 2089 1041 2131 inesse
1075 2088 1284 2143 ostendit,
1320 2103 1407 2130 non
1444 2089 1517 2130 fila
1555 2091 1794 2145 compluria
1832 2091 1980 2132 difissa

417 2176 464 2202 ac
490 2160 753 2202 tenuissimis
779 2159 1062 2202 foraminibus
1090 2160 1340 2201 terebrata?
1385 2159 1539 2214 Itaque
1566 2176 1650 2203 non
1678 2161 1841 2216 dubito,
1875 2162 1978 2216 quin

419 2232 584 2273 aurium
611 2231 865 2285 nariumque
891 2231 987 2285 pori
1013 2230 1285 2286 intelligendi
1313 2230 1401 2271 sint
1432 2245 1519 2272 non
1545 2232 1677 2285 nervi,
1710 2232 1783 2273 sed
1810 2235 1978 2274 meatus

417 2302 588 2343 auditus
633 2304 675 2342 et
712 2302 915 2343 odoratus
955 2317 975 2343 e
1014 2302 1189 2344 fictione
1233 2301 1286 2342 ad
1325 2302 1547 2344 cerebrum
1592 2317 1728 2357 usque
1770 2303 1978 2358 producti.

418 2372 532 2414 Nam
565 2388 660 2414 cum
693 2377 736 2414 et
768 2373 992 2414 oculorum
1019 2373 1278 2415 canaliculas
1313 2388 1409 2415 cum
1436 2373 1611 2415 cerebro
1642 2373 1869 2416 cohaerere
1901 2390 1978 2430 per

419 2443 629 2484 sectiones
657 2447 924 2497 compertum
950 2444 1131 2485 haberet
1163 2447 1206 2486 et
1230 2443 1400 2486 narium
1427 2459 1556 2498 poros
1582 2460 1715 2500 prope
1743 2446 1977 2497 cerebrum,

419 2514 530 2567 quod
574 2514 813 2568 ἀποφύσεις
856 2530 905 2556 eo
949 2529 1083 2570 usque
1127 2515 1365 2570 protendit,
1415 2515 1530 2556 finiri
1575 2531 1661 2557 non
1699 2515 1976 2573 ignoraretss),

539 2657 571 2696 1)
599 2653 778 2689 Similiter
810 2655 854 2688 de
888 2667 955 2689 usu
981 2657 1075 2699 part.
1103 2667 1201 2700 corp.
1229 2655 1330 2690 hum.
1357 2655 1439 2689 VIII
1468 2660 1487 2690 6
1515 2656 1581 2698 (ΙΙΙ
1603 2660 1670 2691 639
1697 2656 1755 2701 Κ.)
1783 2658 1821 2691 et
1847 2657 1930 2691 xlv
1954 2661 1974 2691 3

421 2712 481 2755 <iv
498 2716 564 2746 :273
582 2712 654 2755 Κ.);
677 2713 721 2747 de
741 2713 810 2749 loc.
826 2714 883 2748 aff.
901 2714 950 2747 IV
967 2718 985 2748 ‘2
1008 2714 1104 2757 ‹lell
1122 2718 1189 2748 219
1205 2715 1280 2759 Κ.>;
1303 2726 1432 2750 comm.
1449 2715 1485 2749 in
1501 2714 1593 2750 Plat.
1611 2717 1648 2750 et
1661 2714 1836 2760 Hippocr.
1852 2715 1974 2760 dogm.

421 2770 563 2814 saepius
590 2771 635 2814 (V
657 2775 735 2814 622,
756 2776 776 2806 ὂ
805 2774 841 2807 et
868 2776 909 2808 14
932 2772 998 2808 ΚΛ.

539 2836 572 2866 ’.η
601 2833 735 2873 (apriis
762 2832 878 2866 secuit
903 2832 1148 2876 Hippocrates
1175 2833 1207 2868 d.
1230 2834 1341 2869 morb.
1366 2844 1469 2868 sacro
1498 2837 1538 2868 11
1568 2833 1632 2877 (Vl
1660 2837 1739 2876 332,
1762 2838 1779 2869 7
1804 2834 1868 2879 L.).
1921 2834 1974 2869 De

422 2888 641 2921 Alcmaeone
668 2890 710 2921 cf.
735 2890 863 2933 fragili.
886 2890 932 2923 lv
960 2893 998 2925 et
1024 2891 1100 2925 ΧΗ.

539 2949 573 2989 3)
602 2947 676 2980 llos
704 2947 968 2991 antiquissimis
996 2950 1067 2983 iam
1094 2951 1299 2986 constabat.
1340 2952 1545 2986 Herodotus
1565 2952 1610 2997 (ll
1633 2955 1692 2996 ⁸6)
1714 2953 1760 2987 de
1780 2953 1975 2998 Aegyptiis
